2008 3518
138 131 202 202 ψ
319 109 407 182 nn
449 69 826 178 nominos)

167 227 297 278 181ubie
321 229 382 278 enim
402 229 441 294 qui
459 230 550 278 Christo
580 226 758 278 conviciatorum
789 230 904 281 conviciic
930 234 997 300 impe

130 294 209 352 servit,
236 293 255 342 io
274 299 297 340 dc
318 295 369 342 Deo
388 306 501 357 receptur,
524 298 546 342 bt
581 303 624 339 tor.

129 359 262 410 hominibus
273 360 379 420 probatus
397 362 436 408 est.
609 371 628 419 4
643 357 930 424 Quicunqueenimantb
939 366 999 429 scrip

165 439 194 488 19
212 426 364 487 Quamobrem
392 424 550 486 persequamur
580 429 603 467 tu
622 421 684 480 sunt,
710 426 737 470 ad
756 426 858 473 nostram
878 430 999 480 doctrinan

130 505 157 536 er
176 505 227 552 quie
245 492 271 536 ad
293 503 379 550 pacem,
400 501 549 552 mutuamque
578 485 660 548 scripta
672 485 733 543 sunt,
751 500 777 534 ut
799 505 840 551 per
856 495 999 551 patientium

130 553 258 603 utilitatem
271 554 395 615 pertinent.
568 555 600 610 ,br
613 551 730 600 literarum
737 553 937 620 consolationem,
950 561 999 623 spen

164 633 196 668 20
212 618 268 668 Noli
286 618 334 680 ejus
354 609 419 666 cruri
436 616 480 664 Dei
492 632 548 678 opus
579 615 709 664 habeamus.

130 683 229 732 abolere.
269 683 354 731 Omnia
376 682 467 745 quidem
493 697 549 742 pura
612 680 797 740 5Faxitautem
811 684 887 744 Dour,
904 691 929 734 δε
951 690 999 750 pati

131 749 199 797 lunt:
215 748 250 795 sed
259 747 283 794 in
292 764 319 795 eo
327 749 413 796 malurn
423 746 549 808 est‚fiquis
579 746 647 808 entiae
675 751 696 793 u
722 747 884 796 consolationis
909 755 999 802 author

121 829 182 861 uum
189 813 283 860 alterius
294 813 417 861 offtnfione
425 811 532 860 vescitur.
578 823 605 856 ut
617 810 676 858 idem
685 810 747 858 inter
755 827 794 859 ros
805 812 929 876 sentinis,
943 819 999 868 ficut

163 892 194 924 21
211 879 282 925 Decet
298 893 370 940 neque
382 891 458 926 menes
472 891 547 924 come·
578 874 668 923 Chriilo
678 876 732 941 Jesu
743 875 837 936 dignum
854 881 900 938 est,

130 946 193 1002 dere,
203 959 274 1012 neque
285 942 364 990 vinum
377 933 463 1000 bibere,
474 957 547 1003 neque
609 939 624 986 6
640 943 674 987 Ut
687 957 731 986 uno
750 943 835 1000 animo,
853 961 954 1008 unoque
969 963 999 998 on

130 1005 260 1073 quiequam,
277 1022 322 1068 quo
343 1017 395 1054 tuus
414 1007 484 1054 frater
508 1007 548 1054 vel
576 1005 738 1052 concelebretie
759 1006 836 1054 Deum
861 1013 885 1056 δε
914 1013 999 1062 Patren

130 1071 251 1134 impingat,
270 1071 307 1118 vel
318 1070 422 1132 indetur,
432 1071 469 1120 vel
480 1071 547 1119 infir·
579 1070 675 1117 Domini
687 1069 754 1116 nostri
765 1071 817 1134 Jesu
831 1072 935 1121 eluisti.

130 1145 216 1186 netur.
611 1150 624 1192 7
642 1134 751 1198 roirca
773 1135 930 1197 opitulamini
952 1157 999 1188 rnu·

163 1215 195 1250 22
211 1202 250 1249 Tu
266 1200 335 1249 fidem
352 1200 434 1249 habes:
451 1196 507 1262 apud
523 1210 547 1248 te
577 1197 628 1257 tud,
647 1199 819 1252 urdeChristuu
842 1203 999 1256 nobisadDe

131 1263 200 1324 habe,
216 1265 240 1312 in
259 1265 303 1315 Dei
320 1265 450 1328 conspeetu.
483 1265 547 1312 Felix
577 1263 806 1326 gloriamopitulatus
818 1268 859 1312 est.

131 1331 171 1393 qui
186 1329 282 1393 seipsum
298 1348 344 1380 non
362 1333 464 1392 damnat,
480 1327 506 1376 in
521 1345 559 1377 uov
598 1320 624 1376 ‚8
643 1328 871 1394 DicoautemJelum
881 1333 999 1384 Christum

132 1399 192 1458 quod
203 1398 291 1458 probat.
577 1392 705 1440 ministrum
730 1393 795 1440 fuisse
822 1395 999 1447 circumcifionin

156 1475 192 1524 *²3
210 1459 319 1527 inerb
335 1460 433 1517 dubitat,
450 1459 467 1506 o
482 1474 547 1507 com·
577 1469 668 1519 propter
692 1457 734 1505 Dei
757 1458 884 1517 veritatem,
920 1468 950 1510 ad
979 1479 999 1512 ei

129 1524 188 1585 edit,
216 1529 353 1573 damnandus
375 1526 416 1581 est,
442 1523 547 1584 quonium
576 1523 727 1572 confirmanda
749 1539 799 1584 quae
815 1525 944 1587 majoribus
963 1527 999 1576 lo·

131 1605 178 1635 non
200 1589 255 1636 fucit
277 1590 300 1634 id
324 1603 375 1636 cum
398 1587 493 1636 fiduciae
523 1591 546 1632 br
576 1589 773 1650 erantpromissa:

130 1653 237 1714 quicquid
261 1667 313 1698 cum
336 1651 416 1698 fiducia
438 1667 485 1698 non
506 1651 546 1710 fit,
610 1655 718 1714 9thoe
729 1663 817 1700 caeterae
834 1663 915 1713 gentes
923 1657 999 1708 Deum

131 1728 249 1778 peccatum
266 1718 305 1768 est.
508 1775 510 1782 Ι
577 1717 607 1763 ob
627 1717 673 1780 ejua
693 1716 870 1764 misericordiam
894 1723 998 1770 celebra.

211 1784 269 1828 CA
286 1783 305 1828 P
320 1782 344 1826 U
359 1781 383 1828 T
415 1780 472 1831 XV.
577 1792 638 1840 rent,
669 1783 856 1842 quemadmodum
890 1783 998 1847 scriptum

131 1843 211 1893 Paulus
221 1847 243 1893 in
253 1846 291 1892 boc
301 1848 370 1908 capite
381 1855 445 1891 monet
460 1855 484 1890 ut
494 1841 546 1905 for·
576 1857 658 1893 extat:
675 1850 748 1912 Qare
767 1857 791 1892 te
808 1846 931 1897 celebrabo
942 1853 997 1914 apud

162 1912 226 1973 tiores
236 1909 312 1975 infide
322 1908 385 1955 robur
399 1909 459 1974 suum
473 1907 547 1971 confe-
575 1923 662 1972 gentes,
674 1923 783 1974 tuumque
793 1925 879 1958 nomen
891 1920 997 1968 cantabo.

74 2013 76 2021 i
162 1989 215 2024 runt
226 1978 257 2024 ud
265 1974 409 2038 confirmandos
414 1974 502 2036 fratrer
511 1973 546 2019 r'n-
610 1989 640 2021 ιο
657 1977 734 2024 Itemr
762 1977 887 2024 taeramini
921 1994 996 2041 genten

155 2042 241 2104 firmos,
251 2041 314 2108 idque
323 2041 411 2087 Domini
416 2039 471 2103 Jesu
481 2039 545 2086 Chri.
576 2039 662 2102 inquit,
678 2055 730 2087 cum
743 2041 791 2100 ejus
804 2043 903 2102 populo.

154 2105 187 2169 sti
194 2107 316 2154 Sabvrtorir
326 2103 390 2168 nostri
398 2104 496 2168 exemplo,
508 2105 546 2168 qut'
609 2117 635 2152 n
653 2107 729 2154 Item:
748 2107 849 2152 Laudato
869 2109 995 2160 Dominun

155 2171 246 2233 seipsum
264 2170 354 2218 omnibus
373 2171 543 2228 communicavit,
574 2180 653 2229 gentes
673 2175 761 2228 omnes,
787 2185 886 2233 eumque
913 2176 994 2222 collau

162 2251 201 2280 non
218 2237 286 2298 solum
304 2235 400 2298 Judaeir,
418 2233 461 2299 scd
479 2236 544 2281 aian
573 2235 809 2296 dateomnespopuli‚

163 2299 272 2350 Gentibus.
314 2301 410 2364 Denique
443 2300 544 2346 rationem
608 2313 637 2348 η
654 2302 758 2360 Itemque
767 2299 856 2347 Esaiae
874 2300 931 2348 Erit
942 2302 993 2354 isal

161 2362 233 2410 reddit
244 2381 282 2410 cur
293 2363 348 2410 banc
360 2363 390 2409 ad
401 2365 502 2411 Romanos
520 2379 543 2410 t·
573 2365 648 2423 radix,
676 2366 797 2426 existetque
821 2363 862 2426 qui
886 2368 992 2425 gentili!

159 2426 378 2494 pfitlamscn'pserit,
388 2427 544 2488 Obsecratfra-
574 2429 679 2490 imperet,
691 2429 716 2476 in
728 2447 772 2492 quo
784 2440 862 2494 gentes
875 2427 940 2491 spem

159 2505 205 2538 tres
218 2505 258 2556 per
269 2493 342 2558 Jesum
353 2491 465 2553 Christum,
483 2507 507 2538 ut
519 2494 545 2555 se
574 2495 664 2541 bebunt.

161 2557 288 2605 liberantem
305 2558 458 2622 precationibus
479 2557 543 2618 adju.
608 2573 635 2622 13
654 2554 769 2606 caeterdtn
784 2557 848 2604 Deus
860 2558 907 2619 spei
930 2575 944 2604 o

161 2636 222 2676 vent,
240 2636 264 2670 ut
280 2623 378 2670 l'beretur
395 2622 422 2670 ab
434 2622 545 2670 incredulis
573 2637 612 2668 vos
625 2619 707 2670 laetitii
719 2632 787 2682 utque
802 2637 855 2683 poce
867 2625 943 2684 compl

161 2688 250 2752 Judaeir
572 2687 676 2746 fidentes,
701 2696 729 2732 ut
752 2685 789 2746 ipe
817 2689 947 2746 abundetis,

195 2725 290 2801 Eberirus
301 2765 377 2802 autem
385 2771 435 2814 nos,
445 2752 483 2814 qui
492 2753 543 2800 for·
573 2751 669 2814 Spiritfis
682 2749 766 2823 Sentii.

209 2831 242 2864 teo
265 2819 350 2876 sumus,
377 2818 542 2866 imbecillorum
606 2829 636 2880 14
652 2817 762 2878 Equidem
772 2814 929 2863 hocdevobit

128 2879 271 2929 infirmitates
290 2883 397 2944 tolerare,
413 2899 486 2942 neque
497 2875 543 2930 no·
571 2878 658 2928 suasum
679 2881 760 2938 babeo,
778 2879 824 2926 mei
844 2879 933 2940 iratres,

65 2961 68 2976 i
127 2945 209 3006 bisipsrs
220 2947 341 3004 indulgere.
572 2947 645 2992 omnis
658 2946 701 2992 else
713 2945 821 2991 bonitatis
832 2947 919 3006 plenos,
935 2961 946 2991 c

161 3023 175 3051 ι
193 3011 297 3071 Quisquis
311 3009 411 3056 nostrtim
424 3007 491 3054 alteri
502 3009 539 3055 in·
570 3009 595 3054 ni
618 3009 711 3056 refertos
735 3009 877 3067 cognitione,
903 3011 940 3073 qui

44 3105 51 3121 ,
125 3070 215 3126 dulgent
233 3073 285 3118 boni
303 3071 375 3130 causi,
391 3075 417 3118 ad
433 3073 481 3134 ejus
494 3074 540 3120 uti·
569 3071 614 3119 lius
625 3074 696 3121 alium
707 3073 902 3124 commonefacere
920 3091 935 3135 p

126 3132 224 3178 litatem.
581 3135 586 3145 ’

142 3207 170 3262 ¹3
190 3195 389 3244 EtenimChrillus
401 3213 446 3245 non
454 3199 500 3259 ipse
512 3199 539 3246 sr-
569 3145 632 3262 tl&15
652 3203 693 3247 Sed
709 3199 770 3256 ideo,
787 3203 854 3250 vobis
872 3203 962 3265 aliquan

125 3255 148 3300 br
167 3257 271 3330 indulbt:
295 3262 329 3306 sed
354 3267 539 3321 quemadmodum
570 3265 675 3313 audacius
696 3265 775 3326 scripsi,
793 3266 883 3326 fratres,
901 3281 927 3314 ut
948 3281 963 3308 v

124 3332 241 3366 memoriae
252 3324 366 3382 proditum
376 3326 418 3388 eli,
434 3329 540 3376 Tuorurn
567 3327 593 3376 iu
616 3328 752 3378 memorium
778 3342 921 3389 revocarem,
