2008 3518
33 78 96 161 24⁶
163 76 189 142 1.
224 73 303 140 Αι)
337 69 790 142 commmod-

63 206 79 239 a
97 189 163 237 Etsi
187 189 448 252 tantuquivinationis
509 181 573 230 tardi
577 183 700 248 scripturas
710 182 769 246 usum
778 184 846 239 dotet,
856 185 900 234 αὖ·

32 254 137 312 habeam,
154 264 181 301 ut
199 255 275 300 omnia
295 270 375 301 areana
398 253 447 300 len·
509 247 566 312 usum
578 248 641 304 tollit,
657 261 756 295 acuerat
769 267 793 296 ne
804 249 906 306 mudena

31 317 171 380 traciamque
191 334 281 365 ornnem
300 329 400 376 teneam,
424 322 446 364 δι
504 312 692 377 ριιὸῖέιὲόιτιαιι.

31 382 195 430 fladebomni
214 383 254 430 lim
272 383 315 430 lide
332 383 448 443 maditus,
526 379 677 437 'Ersequimini
701 378 852 439 charitatem,
879 384 905 426 δι

31 455 59 492 ut
71 447 106 492 vel
126 458 215 494 montet
233 447 407 504 musmonem,
425 451 447 493 δε
540 443 643 490 affectare
653 443 705 490 sacre
716 444 853 505 spiritualia,
864 445 909 492 sed

32 523 109 556 tamen
122 511 232 558 charitate
248 528 294 559 ιιοιι
308 514 348 559 sim
364 511 446 574 praedi·
479 507 811 568 inprimisutvaticioemiui.
906 555 907 558 ,

31 583 78 634 tua,
96 576 156 623 nihil
168 576 225 622 lum·
510 587 525 622 a
542 573 602 620 Nam
619 573 659 634 qui
679 570 795 634 peregrini
815 569 905 632 lingua

66 654 79 702 3
99 642 129 686 Et
143 643 158 686 fi
170 656 246 687 omncs
256 655 317 686 meas
329 639 447 686 facultates
479 635 590 698 loquitur,
606 652 652 684 uon
670 638 775 694 homines
793 637 905 699 alloqui-

31 701 58 749 in
80 703 237 751 liberalitatem
259 720 358 764 erogem,
384 707 405 749 ἀ
432 704 448 750 s1
480 711 529 760 tur,
542 702 576 747 sed
588 703 681 749 Deum:
698 703 780 764 quippe
791 701 847 752 ciem
859 719 907 750 ne-

31 767 69 813 vel
82 784 159 818 meunt
174 784 251 828 corpus
270 771 447 815 comburendum
479 781 518 811 mo
537 765 622 824 audiat,
640 767 677 815 sed
696 770 773 820 animo
792 769 908 830 loquatur:

31 835 130 890 tradam,
149 839 171 880 tr
191 845 266 880 tamen
279 833 388 879 charitate
401 847 449 878 non
479 845 567 879 arcana.
606 865 608 870 .
905 871 909 880 .

31 897 73 943 srm
86 898 203 958 praeditus,
221 891 390 958 nihil'profrcio.
512 909 525 957 3
543 896 586 962 Ql
607 893 660 942 verb
680 891 829 952 vaticinatur,
856 893 904 942 ho.

64 961 352 1022 4crra1itarpatiensest‚
366 960 446 1020 benig·
479 959 552 1006 mines
569 959 693 1020 alloquitur
712 959 800 1005 utiliter
820 964 843 1007 δι
865 976 907 1008 co-

32 1040 62 1072 na
75 1027 124 1072 est:
479 1023 624 1070 hortando&
636 1023 779 1072 consolando.
905 1069 909 1073 ,

64 1105 78 1152 5
95 1088 199 1136 Charitas
207 1103 252 1134 ιιοιι
259 1088 390 1146 aemulatur,
401 1103 447 1134 uon
511 1102 528 1149 4
544 1089 590 1150 Qui
602 1083 717 1148 peregrini
730 1082 805 1148 linguai
821 1087 906 1149 loqui-

30 1153 63 1200 est
73 1153 201 1209 temeraria,
214 1169 260 1198 nou
271 1164 357 1210 tumet,
369 1167 415 1198 non
426 1151 448 1198 se
478 1160 528 1210 tur,
546 1152 593 1212 ipse
613 1152 652 1198 sibi
672 1153 775 1213 prodest:
793 1151 834 1212 qui
849 1154 908 1201 veria

30 1217 90 1276 gerit
105 1217 217 1278 turpiter:
236 1218 335 1265 nonsibi
347 1218 386 1278 ipsr
399 1217 449 1262 stu·
479 1215 626 1278 vaticinatur,
641 1216 660 1262 is
671 1217 775 1262 concioni
787 1219 888 1276 prodest.

31 1283 80 1340 det,
98 1297 144 1328 non
155 1282 186 1328 est
196 1278 323 1341 irritabilis,
337 1281 448 1329 nonmald
513 1293 526 1340 ς
543 1281 635 1328 Vellem
645 1281 749 1340 equidem
761 1295 802 1327 vos
819 1295 904 1328 omnen

33 1347 134 1404 cogitat:
480 1345 602 1404 peregrinis
615 1345 676 1406 loqui
689 1345 787 1404 lingulae
804 1345 904 1396 sedma-
948 1343 953 1348 ’

64 1411 79 1457 6
98 1413 151 1457 Non
163 1412 242 1470 gaudet
251 1409 276 1457 ira
283 1408 404 1472 iniustitia,
412 1411 449 1456 sed
482 1408 515 1466 gis
533 1422 559 1454 ut
571 1408 735 1456 vaticinemini.
768 1409 845 1468 Major
866 1411 903 1458 est

32 1477 128 1522 veritate
141 1477 246 1521 laetaturi
447 1485 449 1490 ’
480 1472 543 1518 enim
562 1473 599 1534 qui
615 1473 764 1530 vaticinatur,
782 1471 899 1534 quimqui

65 1542 176 1597 70mria
185 1539 277 1594 tolerat,
287 1537 448 1594 omniacredit‚
479 1537 560 1582 alienis
583 1538 684 1598 loquitur
706 1537 800 1596 linguis,
817 1538 857 1586 nisi
880 1539 898 1590 fi

32 1604 109 1648 omnia
122 1603 203 1661 sperat,
219 1602 295 1663 omnja
306 1601 406 1646 sustinet.
480 1591 655 1663 interpretetur,
680 1613 708 1650 ut
729 1602 808 1650 concio
821 1602 902 1664 'capiat

63 1666 199 1714 8·Charitas
220 1679 332 1726 uunquam
354 1663 447 1711 interci-
479 1663 614 1714 utilitatem.

30 1729 74 1778 dit.
98 1730 128 1778 Et
137 1727 310 1776 vaticinantes
322 1727 445 1774 abolebun-
475 1729 478 1744 ²
510 1728 902 1792 6Alioquin,fratrea,fiegovoa

30 1802 80 1851 tur,
97 1799 119 1841 dc
135 1795 220 1854 linguae
231 1791 354 1848 cessabunt,
368 1795 389 1838 δι
401 1792 446 1839 scia
478 1790 559 1842 alienia
568 1795 651 1855 linguis
661 1794 788 1842 allocutum
796 1795 901 1856 veniam,

28 1859 94 1904 entia
107 1857 227 1905 delebitur.
327 1875 332 1883 ·
479 1861 537 1917 quod
556 1875 595 1906 vos
609 1863 721 1924 prodero,
738 1859 780 1912 nist
801 1859 855 1906 infit
875 1863 907 1907 int

62 1938 77 1984 9
105 1922 166 1970 Nam
191 1923 332 1984 aliquetenus
356 1920 446 1982 scimus,
478 1923 582 1977 oratione
610 1940 660 1972 mea
677 1922 822 1984 ,patefabiim
845 1927 903 1972 *aut

29 1989 53 2032 dc
66 1986 207 2052 aliquatenus
218 1988 376 2036 vaticinamur.
442 1999 443 2002 ’
478 1987 594 2049 cognitio,¹
613 1999 668 2045 aut.
685 1987 831 2049 vaticinatio,
860 1999 902 2038 aut

65 2063 94 2098 10
109 2055 150 2100 Sed
162 2053 213 2100 etim
226 2052 316 2100 venerit
328 2049 451 2115 perfedtio,⁴
477 2051 599 2101 dotirina?

29 2123 91 2174 tum,
108 2116 317 2180 quodaliquatenue
329 2117 368 2175 fit,
383 2115 451 2164 dele-⁴
510 2131 524 2178 7
551 2118 628 2166 Etiam
660 2115 784 2166 inanimata
817 2129 899 2165 vocem

31 2177 101 2226 bitur.
403 2193 404 2196 ’
477 2182 619 2238 emittentia,
630 2181 662 2230 'ut
674 2181 730 2234 tibia
747 2189 787 2227 aut
798 2180 899 2241 cithara,

64 2255 91 2290 ιι
110 2244 171 2292 Dum
190 2259 245 2302 puer
265 2260 336 2300 eram,
353 2253 379 2291 ut
391 2249 451 2305 puer'
478 2244 518 2291 nisa
531 2241 649 2292 'discrimen
661 2243 827 2305 forisfaciant,
841 2263 903 2307 quo-·

28 2303 147 2368 loquebar,
164 2319 190 2354 ut
202 2324 256 2368 puer
268 2309 401 2366 sentiebam,
416 2309 446 2356 'ut
478 2311 545 2356 modo
566 2311 705 2370 intelligetur
725 2309 777 2371 quid
790 2307 847 2358 tibiti
858 2321 898 2360 aut

27 2385 82 2432 puer
95 2374 241 2431 cogitabatur
257 2373 292 2420 sed
307 2372 341 2419 vir
360 2372 445 2432 satius,
478 2368 566 2420 cithari
578 2376 737 2436 significetur?
815 2426 818 2431 ,

28 2437 126 2496 puerilia,
139 2435 221 2483 delevi.
513 2439 526 2485 8
548 2440 571 2484 Si
597 2440 659 2486 enim
682 2441 793 2486 incertam
816 2453 897 2498 rocem

62 2511 93 2545 ιι
109 2502 177 2548 Nunc
197 2499 258 2548 enim
277 2514 317 2561 per
331 2499 445 2562 speculum
478 2503 533 2549 tuba
545 2506 606 2561 edat,
622 2505 670 2565 quie
687 2507 713 2550 ad
735 2503 839 2564 praelium
857 2521 897 2553 ac·

27 2565 141 2612 cernimus
163 2583 201 2626 per
220 2567 336 2624 ambages:
354 2577 446 2612 attunt
478 2567 600 2626 cingetur?
791 2613 797 2625 ¹

27 2629 146 2688 praesentes
159 2629 251 2678 curtim.¹
278 2631 345 2676 Nunc
360 2629 447 2690 aliqua·
510 2645 525 2693 9
543 2631 652 2678 Similiter
661 2648 699 2679 vos
711 2631 787 2690 lingua
799 2630 841 2678 nili
853 2631 897 2692 fig·

28 2702 94 2739 tenus
108 2691 228 2754 co'gnurco:
246 2707 269 2742 at
289 2706 343 2740 tunc
365 2707 453 2754 recog-¹
477 2695 592 2742 nificantia
605 2697 672 2743 verba
685 2697 783 2756 faciatis,
798 2711 895 2758 quomo·

26 2755 129 2818 noscam,
155 2761 342 2820 quemadmodum
368 2773 445 2819 recog·
477 2761 505 2806 do
517 2759 659 2820 intelligetur
677 2761 729 2822 quid
740 2759 847 2808 dicatur?
864 2761 906 2807 rb.

5 2845 6 2852 ι
26 2819 89 2878 nitus
102 2822 160 2868 sum.
477 2825 526 2870 ritis
538 2825 599 2872 enim
612 2824 630 2871 ii
642 2825 681 2886 qui
693 2825 717 2872 in
728 2838 806 2874 auram
818 2826 897 2888 loqua-

62 2897 89 2944 13
109 2883 277 2945 Nuncquidem
288 2897 366 2933 manet
378 2885 443 2946 fides,
477 2888 555 2934 mini·
843 2903 846 2910 ·
903 2925 906 2934 ,

5 2942 87 3013 ῑιιιιτι,Ι
102 2949 214 2994 charitasa
234 2951 268 2994 sed
280 2950 361 2998 harum
374 2950 444 3001 trium
512 2965 540 3000 ιο
558 2947 607 2998 Tot
628 2950 680 2998 sunt
703 2948 783 3013 (verbi
804 2944 894 3012 gratid)
950 2987 954 2995 ,

5 3011 288 3059 ιιιιιιιιιιιειιιιιιιιιιι.
433 3013 435 3018 ’
476 3031 557 3074 genera
581 3031 663 3062 vocum
679 3015 709 3060 'in
733 3018 827 3074 mundo,
853 3031 894 3064 uec
998 3019 999 3026 ’

5 3111 6 3116 ,
100 3075 158 3116 CA
173 3073 191 3116 Ρ
209 3075 230 3116 U
248 3077 270 3120 T
302 3075 372 3120 XlV.
475 3079 549 3124 ullum
564 3071 643 3126 eorum
656 3089 747 3126 mutum
760 3080 801 3128 est.

5 3127 9 3196 J
23 3127 156 3183 Ctmmnda!
168 3131 240 3201 donum
252 3136 382 3197 prophetia.
401 3136 441 3197 δι’,
508 3153 535 3187 ιι
553 3143 576 3189 Si
587 3142 714 3204 igiturvim
724 3143 785 3190 vocia
799 3159 846 3191 uon
855 3142 893 3191 iu.

5 3203 7 3254 f
56 3193 240 3257 compae'rattoneci
263 3199 345 3258 musteis
366 3199 441 3261 infirm
474 3205 627 3265 telligam‚ero
637 3207 741 3267 loquenti
751 3209 890 3268 barbamque
947 3228 955 3234 ·

5 3259 7 3348 ὲ
57 3254 129 3303 neatis
139 3253 236 3321 sumpta,
251 3273 327 3308 noun
338 3263 443 3327 interpre-
473 3268 865 3384 loqueuserit'apudmebatbarual

103 3368 106 3374 ,
395 3361 397 3370 ,
484 3347 488 3352 ·
808 3349 839 3385 ιι
866 3347 890 3387 ta

5 3407 72 3484 *a
