2008 3518
222 147 256 216 c
277 131 471 248 n‘ror
499 141 579 225 nv3
602 145 702 214 nur,-
827 155 891 247 ψ·

31 285 56 320 ιο
67 269 127 332 quod
138 267 164 316 in
175 283 212 316 me
220 267 330 334 diyinitrls
341 267 449 317 collatum
507 279 540 327 27
554 264 647 338 ¹'Visum
671 269 713 326 est,
735 269 837 336 inquam,
867 285 890 330 ae

31 339 60 384 est
71 329 191 383 benefida.
297 340 300 346 '
474 329 527 376 sani
540 343 572 376 err
583 331 676 392 debent,
692 335 752 382 Nam
764 337 780 382 sr
792 345 892 392 extranei

64 399 93 446 16
110 402 146 446 Ut
159 397 262 464 srmJesu
273 397 358 444 Christi
374 395 449 458 publi·
474 393 569 441 illorum
580 394 704 455 spiritualia
717 399 892 472 participirunt,

29 480 68 513 eos
90 463 192 512 minister
217 467 243 510 ad
268 475 396 518 extraneos,
416 461 449 508 sa·
475 461 559 507 debent
575 459 667 507 viciffim
683 465 808 514 carnalibus
827 473 892 520 robur

33 545 95 577 orum
110 529 155 576 Dei
173 527 331 576 administrans
344 529 448 586 Evange-
476 523 593 571 subuenire
604 525 660 574 illis.

32 594 98 651 lium,
122 605 150 640 ut
179 605 340 640 extraneorum
371 591 450 638 libatio
510 589 540 636 28
558 591 609 636 Hoc
625 590 695 650 igitur
709 593 748 640 ubi
769 597 893 660 perfecero,

7 665 8 672 ’
34 669 118 721 accepta
136 659 175 718 fit,
193 675 233 720 per
245 657 355 704 Sardium
372 655 449 704 conse-
475 651 550 715 eisque
570 654 671 704 frustum
692 657 753 705 huno
774 663 894 724 consigna.

34 737 93 772 um
103 723 223 786 spiritum,
475 733 539 778 vero,
556 719 625 766 isthac
638 735 676 769 me
688 723 802 773 conseram
812 727 837 774 in
848 729 895 778 lli·

66 805 96 850 ¹7
121 791 201 850 ltaque
224 785 307 835 'habeo
337 787 393 848 quod
426 782 454 853 iu¹
476 782 585 843 spaniam.

35 853 126 900 Christo
133 853 188 918 Jesu
198 852 291 914 glorier,
308 853 365 913 apud
376 851 456 896 Deum*
510 861 542 912 29
558 847 619 896 Scite
635 859 722 912 autem,
737 851 791 904 erim
803 857 895 915 veniam

31 919 131 981 quidem.
438 973 439 978 ¹
477 915 504 960 ad
527 929 576 970 var,
602 925 724 965 venturum
751 936 803 968 tum
828 923 895 984 plena
963 947 968 954 ’

64 983 95 1032 18
122 983 184 1028 Nam
206 997 235 1030 ne
261 979 351 1044 quidem
376 977 411 1024 elo
427 975 449 1022 ui
476 977 600 1026 Christiani
613 981 730 1042 Evangelii
743 987 855 1036 ubertate.

17 1042 111 1106 'aufim‚
128 1044 196 1110 quim
211 1047 271 1094 nihil
284 1061 330 1092 non
349 1046 410 1106 (ade
437 1064 447 1074 -
512 1059 543 1106 30
559 1045 677 1092 Exhortor
697 1059 773 1097 autem
792 1068 832 1100 vos
848 1053 895 1102 fra·

34 1112 136 1172 tiendum
150 1123 176 1158 ut
189 1123 266 1172 gentes
277 1107 404 1168 obedirent)
417 1105 451 1153 es·
475 1115 533 1167 sier,
551 1124 590 1170 per
601 1111 727 1160 Dominum
742 1117 842 1165 nostrum
852 1119 895 1186 'Je·

33 1175 112 1224 fecerit
138 1193 178 1236 per
201 1188 238 1224 me
257 1176 372 1236 Christus,
400 1185 449 1220 tum
474 1171 527 1220 sum
546 1175 673 1234 Christum,
696 1195 778 1242 perque
803 1181 895 1244 spiritur
960 1175 965 1180 ”

31 1242 105 1296 qegbis
115 1251 168 1288 tum
180 1255 214 1290 re,
478 1238 622 1297 charitatem,
638 1253 665 1287 ut
683 1257 720 1288 me
740 1245 846 1294 faciendis
867 1251 895 1296 ael

67 1322 95 1368 19
111 1309 189 1354 Tanta
201 1303 353 1368 prodigiorum
364 1318 389 1350 ac
402 1302 448 1349 mi·
479 1303 553 1350 Deum
574 1321 614 1366 pro
638 1321 675 1352 me
695 1305 896 1370 supplicationibus

36 1371 173 1428 iaculorum,
189 1363 256 1417 tanti
273 1369 345 1417 divini
358 1366 449 1428 spiritus
474 1367 600 1428 adjuveris,

36 1435 68 1494 vi,
84 1449 109 1484 ut
121 1433 135 1482 ai
147 1435 305 1493 Hierosolyma
316 1451 354 1495 per
365 1433 451 1480 circui·
513 1445 541 1494 31
561 1436 595 1479 Ut
608 1449 645 1479 eoa
655 1436 746 1482 evadam
758 1437 797 1498 qui
808 1437 860 1490 sunt
871 1441 896 1492 in

15 1498 93 1557 'turm
106 1501 174 1562 usque
187 1503 214 1546 ad
226 1499 356 1560 Illyricum,
374 1499 450 1545 omnia
478 1495 558 1560 Judaea
577 1510 741 1548 'contumacesr
770 1515 839 1564 utque
861 1509 894 1568 id,

37 1564 114 1613 Christi
128 1564 252 1626 Evangelio
264 1563 410 1626 repleverimr
477 1561 540 1622 cujus
554 1564 717 1612 administrandi
729 1564 799 1626 gratis
809 1570 894 1619 Hiero.

66 1645 97 1680 πο
113 1633 182 1691 ldque
202 1629 246 1687 ita,
262 1640 288 1676 ut
304 1627 451 1688 Euangelium
474 1625 666 1692 'solymamvpetm
691 1643 779 1690 gratum
798 1635 826 1682 lit
844 1637 896 1686 san·

38 1693 110 1741 docere
120 1697 292 1752 contenderem,
300 1710 345 1740 non
355 1693 394 1739 ubi
406 1711 449 1740 no·
479 1689 553 1750 &iss
747 1709 749 1714 ·
872 1701 875 1706 '

38 1757 131 1807 minatus
144 1760 200 1806 esset
210 1759 322 1816 Christus,
340 1775 369 1805 ne
377 1759 450 1806 alieno
489 1757 491 1764 ’
513 1763 543 1818 32
558 1755 608 1822 Q&
621 1775 661 1810 vos
677 1775 729 1807 cum
744 1761 833 1822 latitia,
850 1766 895 1813 Dei

16 1880 19 1889 ‚
37 1822 181 1872 fondamento
194 1824 374 1884 superstruerem.
479 1823 609 1881 voluntate,
636 1827 716 1886 visam,
734 1827 909 1894 vobiscumque,

67 1902 96 1936 21
121 1891 163 1934 Sed
186 1889 373 1950 quemadmodum
397 1885 451 1933 scri-
482 1896 578 1944 recreer,

36 1962 97 2010 ptum
110 1964 187 2001 extat:
206 1952 294 2016 Qibur
310 1955 342 1998 de
361 1969 387 1999 eo
407 1967 453 1998 non
500 1966 543 2012 ¹:33
561 1953 621 1997 Deus
640 1951 698 2010 pacis
715 1953 778 2001 vobis
791 1955 896 2016 omnibup

37 2030 82 2065 erat
92 2017 238 2076 nunciatum,
250 2016 453 2078 aspicientr&qui
477 2013 544 2064 adfit.
578 2020 665 2061 Amen.
727 2055 728 2058 ,
820 2051 826 2056 .

37 2095 82 2128 uon
96 2083 241 2140 audiverant,
258 2082 398 2141 intelligent·
550 2084 568 2126 C
586 2084 608 2124 A
623 2079 642 2124 Ρ
657 2079 680 2124 U
697 2081 720 2127 T
752 2081 821 2129 XVI.

65 2161 97 2194 η
115 2147 198 2208 ltaque
210 2145 362 2206 saepenumero
380 2146 453 2206 impe.
481 2139 732 2202 commendatr‘hubum,
745 2142 834 2207 salutat
849 2143 896 2209 effi.

37 2208 94 2258 dirus
107 2209 168 2271 sum,
179 2227 222 2272 quo
234 2211 309 2260 minus
321 2213 347 2258 ad
361 2225 402 2259 vos
414 2227 453 2258 ve·
515 2209 568 2256 cios?
585 2207 705 2272 complures,
725 2209 856 2274 admonetque
871 2223 896 2257 ut

37 2275 119 2324 uirem.
514 2290 545 2320 eor
572 2286 673 2331 caveant,
700 2274 740 2340 qui
769 2273 896 2340 diffidr'oruar

67 2356 97 2403 23
116 2343 153 2388 At
169 2355 229 2386 nunc
247 2339 300 2388 cum
319 2333 368 2402 jam
380 2339 405 2388 in
417 2336 453 2388 his
479 2363 481 2366 ·
515 2339 612 2387 authores
626 2340 687 2406 sunt.

17 2405 145 2470 ¹trallibus
156 2407 233 2450 locum
244 2422 290 2452 non
308 2405 413 2464 habeam,
430 2411 453 2452 dc
538 2407 665 2455 Ommendo
710 2417 786 2454 autern
833 2407 895 2457 vobis
958 2443 960 2450 ι

40 2469 101 2516 uestri
119 2469 206 2516 uisendi
228 2469 351 2530 cupiditate
367 2471 416 2532 jam
439 2468 452 2516 a
554 2473 669 2532 Phoebum,
688 2471 785 2538 sororem
799 2475 896 2520 nostram

40 2534 117 2582 multis
130 2535 291 2580 annistenear.
482 2535 641 2584 Cenchreensrs
686 2537 782 2583 ecclesrae
827 2539 895 2584 mini-

69 2613 101 2656 24
117 2599 143 2644 si
166 2601 253 2660 quando
275 2599 299 2644 in
321 2597 454 2661 Hispaniam
483 2601 560 2656 stram,
589 2651 591 2657 y

40 2663 239 2722 proficiscar,adibo
247 2679 296 2713 vor.
309 2663 454 2729 Spernenim,
517 2683 531 2714 2
547 2667 581 2712 Ut
592 2679 641 2710 eam
652 2679 691 2722 per
699 2661 824 2710 Dominum
835 2661 897 2709 acci-

39 2727 63 2772 in
89 2727 172 2774 itinere
197 2728 298 2774 visurum
322 2744 371 2783 vos,
394 2735 416 2774 δε
441 2726 454 2774 a
483 2729 560 2790 piatis,
578 2727 641 2774 sicuti
654 2727 734 2774 sandlis
750 2727 842 2784 dignum
854 2729 895 2785 ess,

40 2791 102 2838 robis
116 2792 159 2838 illo
172 2789 291 2838 dedudtum
306 2791 346 2850 iri,
362 2793 377 2837 sr
395 2793 454 2853 prius
484 2795 549 2854 eique
564 2794 649 2847 idsitis,
663 2807 789 2851 quacunque
802 2791 826 2836 in
840 2807 862 2837 re
876 2791 897 2836 ei

41 2857 191 2903 menmveslri
208 2856 455 2919 aviditatemaliquan·
483 2859 678 2916 vobiseriropns.
709 2857 767 2900 Nam
787 2871 822 2912 ea,
845 2871 897 2902 cum

41 2932 89 2968 turn
99 2921 230 2982 explevero.
485 2923 565 2970 multis
578 2922 638 2978 aliis,
657 2932 705 2966 tum
722 2918 779 2964 mihi
795 2917 877 2967 adsuit.

70 3002 100 3049 ες
127 2985 194 3032 Nunc
218 2985 308 3048 quidem
331 2985 457 3046 proficiscor
518 2987 647 3049 gsalutatc
667 2977 764 3030 Priscam
783 2987 804 3028 dc
822 2985 898 3044 Aqui·

41 3049 239 3111 Hierosolymam,
290 3049 456 3098 ministraturus
484 3053 541 3109 lam,
559 3067 620 3108 meos
639 3049 664 3094 in
685 3045 773 3092 Christo
784 3047 837 3110 Jesu
857 3049 897 3094 ad·

42 3113 137 3162 {aniles-
483 3116 580 3178 jutores,

72 3178 101 3226 26
119 3177 204 3222 Visum
214 3177 246 3222 est
255 3177 316 3223 enim
325 3177 456 3224 Macedoni·
486 3185 490 3190 '
517 3175 606 3240 4(Q1i
620 3189 659 3231 pro
674 3187 710 3218 me
724 3169 770 3217 vira
788 3171 835 3219 suas
855 3170 898 3219 ob:

44 3239 233 3299 los&Achaeis,
250 3241 366 3288 collectam
387 3257 457 3302 quau·
484 3243 558 3303 jecere
570 3241 681 3284 ceruices:
700 3237 777 3294 quibua
795 3253 841 3284 uon
856 3249 900 3306 ¹ego

41 3309 89 3354 dam
101 3307 215 3354 conficere
227 3307 254 3350 ad
266 3306 393 3352 sanstorum
403 3321 459 3365 pau·
487 3307 547 3352 solus
566 3301 646 3362 gratias
663 3313 715 3356 ago,
729 3297 807 3344 verum
832 3307 900 3342 enam

43 3385 112 3434 peres,
130 3371 169 3432 qui
181 3371 233 3418 sunt
243 3368 416 3432 Hierosolymis.
488 3383 566 3417 omues
576 3375 732 3414 extraneorum
745 3357 858 3480 ecclesiae-⁵)
871 3414 904 3462 Et

136 3448 152 3483 a
