2008 3518
15 1 101 102 im
229 27 699 102 nociturna

37 158 135 198 tutent
150 147 249 208 genitus,
273 147 376 210 gentium
393 147 451 194 dini·
482 145 523 207 qus
536 145 562 192 fit
573 156 599 192 ut
610 156 687 193 tamen
697 137 788 192 infestet
802 148 811 194 ἓ
829 145 854 193 Si
867 146 902 194 ita

36 213 100 263 nitur
120 212 261 260 infestabat:
291 213 324 260 ita
340 213 367 259 sit
385 213 452 258 etlam
482 211 547 268 esset,
562 211 766 272 noneffetcaquce
781 211 814 258 est
825 213 903 260 erucis

37 292 107 328 nunc.
483 273 584 322 offensio.

72 355 104 403 30
120 337 204 388 Verium
214 341 266 403 quid
276 341 340 388 aiunt
352 339 424 386 litetae
439 341 448 386 ἓ
515 353 543 386 it
553 340 575 384 0
585 338 671 385 utinam
680 339 853 396 excidantut,ut
861 338 905 402 qui

37 405 104 457 Elice
123 399 228 452 ancillam
250 405 340 467 ejusque
360 404 452 450 filium:
484 417 522 448 vos
535 402 670 464 inquietant.

37 486 87 518 non
98 471 160 516 enini
171 471 241 516 haeres
259 471 304 516 erit
322 467 410 516 ancillae
421 467 453 514 si·
519 481 546 530 13
567 469 615 514 Vos
636 466 696 514 enim
716 469 743 514 ad
769 467 904 514 libertatem

38 534 84 584 lius
100 532 152 580 cbin
164 531 240 582 liberae
253 532 312 581 filio.
487 531 563 578 vocati
579 530 629 578 eltis
638 532 736 578 fratres:
755 531 823 579 modo
834 533 903 580 neli-

73 613 104 661 31
123 599 182 658 Ergo
194 599 283 654 fratres,
308 613 354 646 non
365 593 453 643 ancillae
486 598 572 644 bertate
585 597 612 642 ad
625 595 742 644 libidinem
761 596 902 654 abutamini,

41 665 91 712 nari
104 663 179 710 summ
191 662 225 709 sed
239 663 326 710 liberae.
486 661 522 707 sed
533 675 571 720 per
583 661 719 709 charitatem
735 661 793 708 alius
803 661 844 708 alii
855 661 904 708 set·

130 728 149 772 C
166 730 189 772 A
204 728 222 773 Ρ
238 729 261 772 U
277 728 300 773 T
333 727 365 774 V.
486 725 563 773 vittis·

41 789 104 859 χαῖα
114 803 141 836 ex
149 787 216 836 libera
224 801 276 836 orror
286 789 322 856 effi
331 787 400 846 dr'xit,
410 784 456 833 id-
522 802 554 850 ¹4
569 789 632 836 Nam
642 799 690 836 tota
701 786 737 835 lex
747 787 773 836 in
784 805 832 836 uno
842 789 906 844 dicio

74 865 139 902 mam
166 865 252 900 uantum
256 854 289 917 stt
299 855 391 918 pretium
402 863 457 897 tan·
486 853 830 914 comprehenditur,videlicet,
858 855 907 903 Al·

73 930 106 966 rae
130 870 242 978 linearia,
269 919 362 984 qualiter
385 931 409 962 ea
423 915 458 978 fit
489 930 564 966 terum
576 929 603 965 ut
616 918 711 980 teipsum
724 918 824 978 diligito.

59 981 179 1041 arenam,
204 995 228 1030 ut
241 982 334 1048 spiritui
351 979 457 1042 obediant,
524 995 552 1045 15
568 982 633 1047 de
649 983 664 1030 ti
678 982 717 1030 alii
730 981 784 1030 alios
796 981 909 1030 mordetis

77 1045 174 1110 refistant
185 1049 256 1094 carni.
489 1063 515 1094 ac
529 1048 630 1105 exeditia,
647 1047 723 1096 videte
734 1063 763 1095 ne
772 1047 814 1095 alii
821 1049 849 1096 ab
856 1047 908 1097 aliia

130 1115 266 1161 Uamobrem
275 1111 299 1158 in
310 1111 425 1168 libertate,
435 1109 459 1156 in
491 1111 663 1160 consumamini.

45 1117 202 1298 Qquam
217 1177 320 1224 Christus
337 1192 377 1224 nos
401 1175 459 1222 asse·
525 1176 554 1226 16
572 1175 628 1229 Dico
644 1186 732 1234 autem,
748 1177 909 1238 obtemperate
992 1231 994 1244 Ι

29 1299 31 1304 ,
137 1242 196 1299 ruit,
213 1243 278 1300 state,
291 1247 312 1288 de
324 1241 396 1290 nolite
408 1255 459 1287 rur·
492 1239 590 1302 spiritui,
607 1257 663 1288 neve
674 1240 745 1288 carnis
757 1241 909 1304 cupiditatem
993 1287 994 1296 ,

48 1305 160 1366 sumjugo
173 1305 286 1354 servitutis
297 1307 377 1356 teneri.
493 1305 635 1366 exequimini.
972 1307 975 1316 '

80 1385 95 1418 2
114 1371 149 1418 En
165 1387 204 1432 ego
215 1371 298 1418 Paulus
315 1371 378 1418 vobin
403 1367 462 1426 dico,
530 1385 558 1434 ³7
575 1371 633 1426 Caio
651 1369 730 1430 enim,
749 1381 908 1433 contraquam

48 1434 278 1494 sicircumcidemini,
290 1436 390 1484 Christus
404 1435 463 1498 nihil
494 1435 596 1496 spiritus,
613 1440 634 1480 dc
648 1435 738 1496 spiritus
751 1448 908 1497 contraquam

49 1498 113 1546 vobis
129 1501 235 1560 proderit.
494 1514 544 1545 caro
570 1501 713 1562 concupiscit.
748 1503 827 1563 Atque
859 1501 908 1548 haee

81 1563 164 1626 3Hoc
185 1563 242 1609 item
265 1562 374 1609 confirmo
399 1560 462 1608 omni
494 1564 527 1608 ita
539 1563 592 1608 sunt
605 1564 664 1612 inter
676 1565 720 1612 sese
734 1565 859 1624 contraria,
883 1577 911 1614 ut

53 1625 153 1682 homini,
169 1627 206 1688 qui
217 1626 392 1686 circumciditur,
410 1643 462 1672 eum
494 1643 540 1674 non
551 1643 600 1688 quae
610 1627 695 1692 velitis,
711 1647 736 1676 ea
748 1629 845 1678 faciatis.

36 1691 128 1738 'debere
142 1689 186 1736 toti
198 1706 273 1751 parere
284 1689 336 1748 legi.
530 1691 558 1738 18
581 1689 645 1756 le
669 1695 685 1739 si
706 1693 787 1756 spiritu
807 1694 913 1756 agimini,
993 1731 994 1734 η

81 1767 99 1814 4
117 1753 182 1802 Nihil
193 1755 226 1802 rei
239 1755 362 1802 vobiscum
372 1751 463 1800 Christo
495 1772 541 1804 non
555 1757 604 1804 eslii
616 1759 655 1808 lub
668 1757 725 1818 lege,
744 1779 747 1798 i

49 1820 101 1866 est:
126 1819 163 1880 qui
183 1818 208 1865 in
235 1819 290 1879 lege,
307 1818 399 1880 positam
420 1817 461 1864 ha·
531 1833 558 1879 ip
578 1823 722 1870 Sunt‘aurem
734 1824 912 1871 manifestatur-

49 1883 288 1948 betiajustitiam,'ex
377 1883 463 1930 eioex·
496 1885 530 1931 nis
544 1901 621 1946 opera,
638 1887 744 1936 videlicet
764 1889 914 1950 adulterium,
993 1921 994 1936 .

50 1948 140 2000 cidistis.
352 1966 362 2017 q
498 1951 607 2007 stuprum,
624 1950 753 2012 impuritas,
766 1952 877 2002 salacitas.

91 2026 102 2074 5
121 2014 169 2060 Nos
182 2013 243 2060 enim
254 2013 333 2076 spiritu
350 2029 389 2075 pei
399 2013 466 2080 fidem
532 2029 563 2062 20
580 2016 722 2063 Deastroium
738 2019 826 2078 cultus,
844 2035 915 2068 vene.

53 2075 68 2124 ὶ
82 2077 116 2137 spe
126 2078 220 2138 justitiae
231 2082 359 2138 pendemus,
498 2077 586 2137 ficium,
604 2080 740 2138 inimicitiae,
757 2082 796 2140 lis,
819 2085 915 2134 aemuia·

86 2142 100 2187 ⁶
119 2145 179 2189 etim
191 2142 215 2188 in
227 2143 316 2190 Christo
327 2141 382 2206 ·J·esu
395 2157 467 2202 neque
499 2143 581 2201 tiones,
593 2144 724 2204 iracundia,
741 2151 913 2210 contentiones,

52 2205 191 2253 circumcisio
204 2206 321 2268 quicquam
333 2202 403 2264 valet,
427 2223 467 2254 ne·
500 2207 628 2267 seditiones,
642 2209 715 2267 sedite,

52 2286 97 2331 que
116 2269 260 2332 preputium,
288 2270 323 2316 sed
349 2270 403 2317 fidet
427 2287 466 2334 per
532 2273 678 2330 antevidit,
693 2274 826 2336 homicidia,
840 2279 914 2326 ebrie-

53 2333 191 2382 charitatem
201 2349 300 2394 operans.
488 2389 490 2394 Ι
500 2343 568 2394 tates,
579 2338 757 2398 comessationes,
771 2345 793 2386 te
807 2342 843 2390 his
852 2345 913 2392 fimi·
992 2373 994 2384 =

86 2397 248 2462 pertinebitis
267 2399 338 2447 bene:
367 2396 414 2458 quis
429 2411 469 2444 vot
498 2400 549 2448 liat
567 2403 834 2468 quae.quisaciunt(hoc
851 2409 911 2456 vobis
993 2409 994 2440 ³

54 2461 184 2525 impedivit,
209 2463 349 2524 quominus
375 2461 467 2509 veritati
500 2465 606 2526 praedico,
641 2471 830 2528 quemadmodum
867 2473 915 2534 jani
993 2483 994 2532 j

54 2527 240 2588 obtemperaretis
254 2531 264 2575 ἓ
430 2562 434 2572 .
501 2527 601 2590 praedixi)
619 2527 636 2576 ii
646 2531 748 2580 divinum
760 2550 856 2595 regnum
868 2553 914 2586 noo

89 2593 164 2642 sslsta
182 2592 288 2653 persuasio
300 2607 345 2639 non
356 2592 383 2637 ab
398 2605 424 2637 eo
435 2591 467 2636 est
502 2591 644 2642 obtinebunt.
993 2611 994 2618 ¹

10 2713 11 2720 ἵ
57 2660 148 2718 quivos
162 2655 262 2704 vucavit.
534 2669 565 2708 22.
580 2659 915 2720 Atspiriulsfruttfisestehi.
993 2661 994 2716 J

90 2722 208 2782 9Paulum
215 2721 322 2770 fermenti
328 2731 402 2770 totam
411 2715 471 2766 mas·
502 2719 567 2780 ritas,
584 2724 697 2784 gaudium,
716 2742 771 2788 pax,
783 2728 915 2789 clementia,

10 2811 11 2816 =
57 2783 247 2830 samsermentat.
499 2785 914 2853 benigniter,bonitas,fides‚1ent-
993 2807 994 2820 ¹

93 2859 121 2892 to
140 2847 247 2907 Equidem
264 2847 375 2895 hocmihi
389 2848 469 2892 devo·
500 2859 548 2910 tas,
572 2853 721 2904 continentia.
757 2853 845 2906 contri
863 2859 914 2909 tilia
993 2909 994 2918 ,

10 2963 11 2966 ¹
58 2906 92 2952 bis
110 2910 289 2967 per=·Dominum
302 2909 406 2972 persuasi,
430 2925 470 2956 vos
503 2917 651 2964 nonestlet.

10 2985 12 3018 ς
56 2970 151 3046 omnino
163 2974 281 3044 nonalitei
290 2975 399 3020 animatos
410 2972 470 3021 fore·
534 2993 565 3040 23
584 2979 628 3044 Qi
639 2979 691 3028 sunt
702 2993 779 3032 autem
791 2987 885 3046 Christi,
897 2988 914 3036 ii

57 3033 148 3078 Verum
168 3047 207 3102 qut
224 3051 268 3104 'vos
291 3039 376 3095 turbat,
407 3035 469 3082 dabit
502 3058 591 3090 carnem
609 3041 653 3090 unit
671 3062 722 3094 cum
745 3048 875 3098 libidinibus
891 3057 912 3100 le

10 3109 12 3122 >
57 3095 292 3166 poenaqulsquls'est.
379 3155 381 3159 Ι
502 3107 661 3168 cupiditatibus
673 3111 842 3162 crucifixerunt.

93 3168 120 3200 ¹1
147 3156 194 3224 Εξθ
210 3163 310 3232 quietem,
338 3145 428 3230 fssirssssq
451 3157 468 3204 sl
533 3186 565 3232 24
581 3169 605 3216 Si
649 3171 704 3220 initu
722 3175 829 3238 vivimus,
846 3180 913 3230 etiam

56 3217 130 3265 adbuc
155 3222 345 3272 circumcisionem
362 3227 468 3285 predico,
502 3172 726 3297 spiritugriiiamur.

831 3313 912 3371 asise
