1998 3516
88 133 147 202 nb
392 131 626 199 LUCA&

121 251 149 298 18
171 249 303 301 Nullumne
317 263 430 314 repertum
452 253 495 300 elle
523 253 582 298 dam.
616 246 699 296 Itidem
711 248 751 311 qui
761 249 827 310 ruti,
847 265 885 300 ne
900 251 973 306 κτὼ

85 314 126 376 qui
138 316 166 362 lit
177 318 202 361 ad
215 317 310 378 gloriam
327 317 376 366 Deo
389 319 497 365 tribuen·
526 323 662 362 revertatur.

86 381 138 426 dam
152 382 261 441 reversus,
279 380 320 429 nili
341 382 400 430 hune
410 381 497 430 alieni·
558 391 589 440 32
601 377 756 426 Memineritie
772 389 863 428 autem
885 381 972 432 uxoria

87 447 188 502 genam?
527 444 589 490 Loti-

124 521 151 570 19
169 509 238 568 Surge
250 507 343 571 (inquit)
353 509 406 560 abia
423 521 462 558 tua
475 519 499 558 te
559 521 588 568 33
606 505 651 571 Qi
663 507 762 555 animam
776 508 848 556 suam
868 509 975 557 servare

9 585 12 592 ·
89 568 144 618 fides
157 573 258 620 servavit.
528 571 657 630 conabitur,
670 575 838 634 camperdete
869 577 904 624 δε
929 575 975 638 qui

123 649 156 682 20
173 637 324 696 Interrogatus
334 638 501 692 autemil'lta-
529 649 579 681 eam
592 637 721 695 perdiderit,
739 637 919 686 conservabit.

89 698 170 758 eisaie,
199 703 285 762 quando
302 715 423 750 uenturum
447 705 502 751 esset
564 712 596 762 34
612 701 662 746 Hoc
685 700 751 748 vobit
768 696 845 750 dico:
884 703 915 748 in
945 711 974 750 et

25 809 30 820 ,
91 763 194 812 divinum
207 779 311 824 regnum,
329 767 397 814 liceis
411 769 502 828 respon.
526 764 599 836 ⁸nodie
618 775 684 811 erunt
698 765 721 810 in
740 778 786 812 uno
807 765 890 813 cubili
911 769 976 826 due,

91 828 140 874 dita
154 829 207 876 Non
220 829 251 876 ita
262 842 382 878 venturum
395 833 425 881 est
442 833 501 879 divi·
532 843 628 888 quorum
638 828 695 876 alter
702 829 840 890 affumetur,
850 833 925 878 alter
935 849 976 880 re·

92 907 255 953 numregnum
269 905 296 940 ut
306 896 447 954 observetur,
533 891 656 952 linquetur·

18 962 24 969 “
126 969 156 1002 21
173 960 223 1004 Aut
232 957 400 1007 hicillicdeeffe
410 963 504 1008 demon·
568 970 596 1019 35
614 959 716 1004 Duarum
736 971 786 1018 quae
810 957 890 1006 timul
917 976 976 1007 mo-

93 1022 184 1070 liretur.
217 1022 301 1070 Scitote
314 1024 386 1084 enirn,
402 1026 505 1073 divinum
533 1018 593 1080 lent,
608 1023 680 1072 altera
689 1019 824 1080 affmttur,
838 1022 977 1073 alterare-

95 1099 188 1144 regnum
199 1084 260 1134 intra
272 1101 311 1134 voa
323 1089 375 1136 elle.
535 1085 660 1147 linquetur.

129 1163 159 1194 22
176 1151 238 1196 Tum
247 1150 363 1213 discipulos
371 1154 486 1216 alloquens
500 1171 506 1201 r
569 1151 599 1213 36
609 1150 757 1212 Duorumqui
769 1150 818 1198 ruri
827 1162 924 1213 erunt,
937 1155 976 1202 al·

97 1209 182 1268 Veniet
191 1223 289 1276 tempus,
305 1217 390 1278 inquit,
407 1217 507 1266 edm-vel
537 1215 710 1274 teraffumetur,
728 1215 787 1262 alter
798 1217 974 1278 relinquetur.

98 1292 174 1324 unum·
184 1277 227 1324 filii
239 1279 337 1328 hominis
353 1283 441 1330 dierum
454 1298 507 1330 cer·
564 1295 602 1343 ⁴37
622 1283 652 1328 Et
670 1281 712 1328 ille
728 1295 780 1326 eum
792 1281 955 1342 alloquentes
966 1296 975 1331 e

98 1342 267 1404 ducentiens,
278 1361 319 1393 nee
330 1347 443 1396 videbitis.
539 1343 584 1390 Ubi
597 1340 713 1400 Domini?
730 1345 850 1406 inquiunt.
870 1347 976 1407 Quibut

100 1407 346 1524 ,ealdbald
360 1412 509 1526 ‘iiim
540 1406 879 1522 {¹i‘i2li‘lll'tllll‘2
913 1415 976 1474 ‘'¹‘’

259 1491 266 1522 a
342 1493 379 1526 ea
419 1493 442 1525 re
468 1493 533 1524 neo
859 1509 868 1524 .

99 1534 198 1596 rmmt
444 1509 453 1533 '
600 1489 922 1588 cniuuan.

133 1612 168 1658 24
183 1601 289 1651 Utenim
305 1603 382 1665 fulgur
400 1606 427 1652 ab
439 1605 511 1652 altero
543 1597 617 1650 Vidua
623 1601 715 1664 judicem
726 1599 850 1650 obtundent.
884 1602 977 1656 Publi-

102 1663 152 1710 coeli
163 1674 263 1712 extremo
273 1669 299 1713 ad
316 1669 413 1716 alterurn
433 1681 512 1716 entie-
574 1681 638 1714 canus
658 1665 770 1730 Pharisaeo
785 1665 871 1716 melier.
914 1669 979 1736 ἐφ’,

80 1727 81 1730 ’
102 1741 166 1774 mum
177 1727 288 1788 refulgens
303 1729 373 1788 lueet,
390 1731 419 1778 fic
431 1733 474 1782 erit
486 1748 513 1778 e-
575 1729 644 1780 benur.
676 1731 744 1778 dunat
759 1731 782 1776 ia
800 1729 850 1794 Iege
861 1730 977 1783 laudan.

105 1792 160 1838 tiam
173 1792 243 1840 Filius
255 1795 353 1844 hominis
363 1797 387 1842 in
403 1797 441 1843 sua
453 1799 496 1846 die.
576 1796 694 1859 opulentia
715 1796 801 1845 danna.
846 1796 978 1846 Praedaea

137 1869 166 1916 25
195 1859 237 1904 Sed
260 1858 320 1920 priua
346 1871 437 1922 oportet
461 1877 515 1910 eum
576 1877 665 1908 musac
682 1859 812 1924 resurrcdiia.
840 1859 979 1925 Discipulo.

105 1921 178 1969 multa
189 1921 245 1982 pati,
262 1927 284 1970 de
297 1923 419 1987 improbati
429 1929 457 1975 ab
473 1929 516 1976 hae
575 1944 623 1973 rum
636 1925 728 1988 r'napria.
740 1925 811 1970 &cut
821 1926 980 1990 vidensfide.

106 1986 207 2036 natione.
440 2011 442 2017 ·
611 1993 661 2042 lxit
683 1991 751 2037 etiam
771 1989 803 2035 eis
818 1997 978 2052 exemptum,

104 2085 106 2088 -
139 2051 169 2100 26
196 2054 230 2098 At
249 2057 435 2116 quemadmodum
460 2055 517 2102 Noae
625 2073 668 2117 quo
682 2057 765 2117 semper
783 2052 903 2102 orandum
918 2059 976 2116 effe,

108 2117 246 2176 temporibus
268 2119 361 2178 accidit,
387 2120 415 2169 fic
435 2119 527 2178 accidet¹
548 2137 589 2170 nec
614 2117 731 2180 defatigaii
754 2127 862 2180 oportere
893 2121 978 2171 osten.

109 2182 246 2238 temporibus
259 2182 312 2228 Filii
321 2183 429 2231 hominia.
549 2189 620 2233 deret.

141 2256 171 2301 ²7
183 2246 343 2302 comedebant,
353 2249 468 2306 bibebant,
477 2249 518 2292 du·
579 2262 594 2295 a
610 2250 682 2316 Judex
697 2257 745 2296 erat
763 2245 856 2308 quidam
869 2247 901 2302 in
914 2267 981 2311 qua..

109 2306 283 2366 cebantuxores,
293 2313 407 2358 nubebant
419 2313 524 2373 usquead
549 2315 674 2371 darumbe,
689 2312 773 2374 inquit,
791 2311 831 2371 qui
839 2325 884 2358 nec
895 2315 980 2366 Deum

111 2370 179 2426 diem,
190 2373 365 2431 quoingress'oin
373 2391 446 2422 arcam
457 2381 528 2436 Noa,
537 2387 541 2398 '
550 2379 676 2436 metuebat,
692 2391 733 2426 nec
750 2375 858 2424 hauno·
873 2394 979 2429 revere.

111 2432 174 2480 venit
183 2433 303 2496 diluvium,
315 2442 373 2499 quod
381 2455 458 2488 omues
470 2453 520 2502 pet·
551 2446 625 2493 batur.

111 2497 176 2548 didit.
472 2535 476 2548 .
585 2504 666 2572 qErat
684 2503 709 2552 ia
729 2507 805 2566 eadem
821 2507 882 2553 urbe
901 2509 976 2557 vidua

137 2564 174 2611 28
191 2564 311 2625 Similiter,
326 2576 352 2614 ut
363 2571 389 2614 &1
398 2569 452 2616 Loti
461 2581 522 2620 tenr-
551 2574 662 2635 quedam,
679 2585 728 2631 quae
738 2573 763 2615 ad
774 2583 828 2616 eom
842 2571 936 2631 itabat,
953 2579 979 2620 de

62 2650 65 2655 ·
113 2628 203 2688 poribus
212 2631 308 2678 accidit:
321 2635 477 2693 comedebant,
488 2635 524 2682 bi·
541 2649 580 2683 ·ut
587 2638 609 2684 se
616 2640 643 2682 de
652 2634 774 2682 aduersario
783 2635 822 2680 suo
830 2635 978 2696 uindicaret,

36 2736 43 2748 ,
114 2693 208 2755 bebant,
242 2698 522 2757 emebantstrvendebaut,
541 2695 651 2768 lpetebati

114 2755 253 2820 plantabant,
269 2761 416 2811 aedificabant.
541 2809 544 2816 ,
585 2779 603 2825 4
619 2760 662 2814 Ille
675 2761 729 2809 verb
738 2761 870 2822 'aliquandiu
882 2765 977 2812 noluit.

146 2836 177 2884 ²9
195 2827 246 2888 Qu
257 2823 310 2871 aeid
330 2827 365 2873 die
383 2827 439 2874 exiit
454 2829 523 2876 Sodo-
554 2831 596 2877 Sed
609 2830 680 2888 postea
692 2827 720 2874 fic
734 2827 807 2873 secum
822 2823 904 2875 dieite
927 2829 979 2876 Etsi

114 2886 158 2936 ndu
179 2891 259 2947 Lotus,
282 2889 340 2950 pluit
358 2894 415 2952 ignis
433 2897 455 2940 dc
471 2889 524 2939 lul-
546 2909 596 2940 nec
608 2893 683 2939 Deum
695 2901 784 2948 metuo,
807 2891 981 2940 nechominee

116 2949 175 3014 phllr
187 2956 214 3000 de
230 2953 295 3013 ctelo,
313 2959 370 3015 quod
384 2973 462 3005 omnes
473 2973 524 3020 per·
555 2972 657 3006 revereor
672 2975 679 3003 e

19 3053 32 3074 ,
116 3019 182 3066 didit.
204 3035 209 3044 ’
412 3037 416 3044 ·
588 3037 601 3086 ς
618 3022 708 3068 Tamen
717 3018 768 3081 quia
781 3016 841 3065 mihi
850 3020 980 3080 negotium

150 3095 180 3140 3ο
197 3081 280 3128 itidem
302 3081 396 3142 accidet,
424 3102 466 3147 qua
489 3086 525 3133 die
543 3086 639 3136 lacebit
657 3087 707 3132 haec
721 3085 797 3139 vidua,
819 3097 872 3130 ”¹¹¹
895 3084 978 3131 'lull‘

116 3144 189 3190 Filiua
205 3145 304 3206 hominis
317 3147 416 3206 patefiet·
555 3154 621 3212 cabo,
644 3163 721 3196 neme
738 3145 820 3194 affidue
841 3149 981 3204 rendum,

151 3219 178 3267 31
198 3208 227 3252 ln
246 3207 285 3256 illa
304 3210 350 3268 die,
375 3211 413 3272 qui
427 3211 451 3258 in
464 3213 525 3260 testo
555 3215 673 3264 obtundat.

118 3269 173 3326 erit,
190 3269 261 3316 sterit
271 3273 319 3332 ejus
336 3275 434 3335 supellex
452 3276 524 3334 domi,
588 3279 602 3324 ⁶
619 3276 714 3334 Audite,
743 3274 819 3335 inquit
838 3274 976 3330 Dominum

119 3349 149 3402 ne
167 3333 282 3400 descendat
298 3347 326 3396 ad
348 3353 398 3388 earn
420 3340 524 3390 auferen-
540 3373 542 3378 -
555 3343 607 3405 quid
617 3339 788 3406 judexinjullua
798 3338 871 3388 dint-

877 3420 894 3466 7
916 3405 979 3464 Ergo
