2008 3518
127 119 190 188 234
232 99 281 202 II.
319 99 398 168 AD
432 96 848 174 CORINTHIOS.

108 236 110 242 ’
156 232 188 266 ao
204 217 250 268 Ubi
257 219 360 280 sapiens?
375 219 413 268 ubi
421 219 536 266 literatus?
594 213 683 276 jenua,
697 215 890 280 spiritualium
898 219 995 268 virtute

122 281 163 328 ubi
190 283 258 344 hujus
280 284 356 332 saeculi
377 285 536 344 conquifitot?
599 280 705 344 irfigneqa.
718 281 812 332 Tandem
819 286 921 332 concludit
930 304 989 332 aar·

41 385 45 394 .
123 345 208 392 Nonne
214 347 336 396 infatuavit
344 341 403 400 Deus
410 348 538 411 sapientiam
600 343 721 406 adjudica
730 364 769 393 aaa
777 348 833 412 poffe
842 350 952 412 aeflimri·

122 409 190 472 hujus
229 413 290 460 undi.
569 414 679 530 lTaque
692 429 733 474 ego
751 415 804 464 cium
822 418 874 464 veni
894 421 922 464 ad
937 431 995 472 amp

156 489 187 524 21
222 479 320 539 ostquam
340 477 401 524 enim
420 493 447 524 ex
463 475 539 523 divina
615 476 704 538 iratres,
729 477 763 524 ita
783 479 846 537 veni,
871 491 899 527 ut
923 483 988 527 nulla

67 542 70 548 '
125 537 233 599 sapientia
245 558 290 589 non
302 541 336 588 ita
353 541 425 603 sapuit
443 543 539 590 mundus
568 557 620 586 cum
632 541 740 588 orationis
754 555 795 590 aut
810 543 928 604 sapientia
946 563 995 591 ex·¹

126 615 154 650 ut
165 605 237 652 Deum
252 606 402 670 cognosceret,
421 605 496 654 visum
508 607 540 652 est
560 606 673 652 salientia
692 605 797 656 divinum
816 611 880 656 tobia
899 627 987 657 oracu-

83 716 87 726 ‚
126 667 177 714 Deo
188 686 227 732 per
241 671 403 730 ptaedicationis
421 661 540 720 stultitiam
567 670 619 717 lum
631 687 773 730 exponerem.

126 731 333 783 servarefidentes:
525 789 527 802 Ι
602 736 760 782 astatueram
775 739 835 783 enim
854 737 914 786 nihil
932 738 989 786 sciro

161 811 192 844 22
214 800 399 860 Quandoquidem
421 803 446 846 Sa.
465 798 541 864 Judaei
570 800 627 859 apud
646 815 695 857 vos,
711 801 752 847 niti
771 801 850 864 Jesum
872 803 990 852 Christum

126 873 257 922 portentum
278 865 400 925 postulant,
424 869 446 910 δι
465 863 543 910 Graeci
572 869 594 910 ἃ
608 866 811 914 eumerucifixum.
839 899 844 908 .

127 926 258 987 sapientiam
270 939 382 990 quaerunt·
605 943 618 989 3
637 932 714 990 ltaque
726 929 798 978 muita
817 947 871 978 eum
889 931 995 978 infirmi-¹

160 1005 190 1053 23
208 993 255 1039 Nos
276 993 329 1039 vero
347 993 460 1040 christum
485 1007 543 1052 prae·
572 1002 618 1038 tate
631 997 728 1041 &metu
741 1006 877 1060 acqtpemore
890 997 995 1043 versatum

127 1053 225 1102 dicamus
243 1057 386 1114 crucifixum,
403 1056 484 1122 Judaeis
503 1057 541 1104 of·
573 1058 621 1103 sum
641 1062 697 1118 apud
711 1075 764 1106 vost

128 1117 260 1180 sensionem,
279 1123 366 1170 Graecis
379 1121 512 1168 stultitiam:
605 1133 621 1180 4
635 1121 665 1168 Et
673 1123 779 1185 ejusmodi
788 1123 889 1171 oratione
896 1141 921 1171 ae
928 1139 991 1186 prae-

123 1224 127 1232 .
160 1197 192 1244 24
220 1187 261 1232 Sed
289 1187 340 1247 ipsis
371 1189 463 1244 voeatis,
493 1197 543 1232 tum
565 1186 683 1234 ditatione
696 1189 756 1246 nsua,
774 1205 823 1250 quae
834 1206 881 1236 non
897 1190 988 1250 persua-

127 1245 214 1308 Judaeis
234 1261 284 1298 tum
305 1252 403 1310 Gracia,
428 1251 543 1298 Chtistum
572 1250 750 1300 soriishumanae
771 1255 885 1314 sapientiae
904 1254 987 1311 verbis,

128 1312 173 1360 Dei
191 1316 326 1377 potentiam,
343 1317 430 1380 Deique
453 1315 542 1378 sapien-
573 1315 608 1362 sed
627 1315 739 1377 spirituali
754 1322 884 1380 potentique
895 1321 988 1375 demon·

129 1377 193 1427 tiam.
573 1381 678 1433 sturione
691 1384 815 1431 constaret:

131 1466 134 1478 =
161 1457 191 1503 25
210 1443 270 1491 Nam
293 1449 350 1507 quod
373 1445 416 1492 Dei
449 1443 543 1492 stultum
606 1459 623 1506 5·
635 1447 672 1490 Ne
683 1449 755 1496 vestra
765 1448 819 1494 fides
830 1447 852 1492 in
865 1445 995 1493 hominum

129 1507 171 1564 est,
189 1507 211 1554 id
226 1509 346 1569 sapientius
363 1512 394 1556 est
406 1508 480 1582 jquim
499 1509 543 1555 ho·
573 1509 691 1570 sapientia,
715 1511 753 1560 sed
775 1513 801 1560 in
821 1511 861 1559 Dei
884 1511 990 1574 potentia

124 1572 215 1620 mittent
232 1577 255 1620 dc
272 1577 328 1634 quod¹
342 1575 383 1622 Dei
404 1572 544 1621 imbecillum
573 1574 614 1621 fita
625 1575 692 1625 soret.

126 1637 170 1694 est,
187 1638 209 1683 id
228 1627 311 1684 fortius
333 1641 364 1684 est
381 1635 449 1700 quim
467 1638 544 1686 homi·
606 1641 621 1688 6
640 1639 776 1702 Sapientiam
787 1650 865 1700 autem
876 1638 989 1702 loquimur

33 1710 42 1727 ⁴
127 1715 174 1748 nea·
458 1709 461 1717 ’
572 1708 632 1764 apud
653 1705 774 1767 perfectos,
798 1703 928 1766 sapientiam
947 1705 985 1750 in·

160 1763 191 1812 26
214 1763 304 1812 Videtis
328 1765 405 1828 enim,
432 1770 545 1830 quomodo
570 1783 642 1830 'quam
661 1787 708 1818 nnn
728 1771 796 1834 hujus
816 1769 902 1828 saeculi,
919 1784 988 1831 neque

127 1826 176 1876 fitia
192 1832 279 1890 vocati,
297 1830 392 1882 fratrea:
410 1849 458 1881 non
475 1833 546 1882 multi
569 1834 702 1896 *principum
733 1836 802 1898 hujus
832 1835 920 1894 saeculi,
951 1833 995 1896 qui}

127 1893 219 1958 quidam
227 1895 342 1958 sapientes,
351 1899 446 1960 quod'ad
455 1915 546 1947 carnem
576 1899 713 1948 abolentur:

125 1959 230 2014 attineta
242 1978 289 2012 non
298 1964 369 2014 multi
376 1975 490 2028 potentes,
499 1979 547 2012 non
607 1981 622 2028 7
639 1965 681 2014 Sed
698 1963 743 2012 Dei
760 1959 894 2027 sapientiam
911 1959 995 2020 arcane}

128 2028 199 2076 multi
212 2031 298 2078 nobiles
311 2049 316 2078 t
575 2027 700 2094 loquimur,
716 2029 828 2090 abditam,
845 2045 912 2093 quam
924 2028 995 2094 dedi-3

161 2107 195 2156 ²7
211 2095 253 2143 Sed
264 2095 342 2147 muudi
352 2095 477 2146 stuttiffima
485 2093 546 2144 Deus
577 2095 708 2144 navitDeus
716 2105 770 2144 ante
778 2093 852 2144 secula
861 2098 888 2143 ad
897 2095 995 2156 nomam

126 2155 208 2219 elegit,
225 2161 379 2221 ut,sapientes
399 2162 545 2210 confutarett
578 2159 683 2222 gloriam,
993 2171 995 2204 1

129 2225 152 2267 a
185 2225 263 2271 mundi
299 2225 447 2274 infimiffima
480 2225 549 2286 elegit
610 2225 716 2290 8Qam
727 2239 795 2273 nemo
807 2224 934 2288 principum
949 2225 992 2272 ho·

10 2285 38 2335 ,’
125 2286 201 2343 Deua,
218 2299 245 2334 ut
259 2288 329 2336 fortia
346 2292 487 2340 confutareta
542 2325 549 2339 .
574 2289 612 2352 jus
637 2290 713 2338 saeculi
734 2291 853 2350 cognovit.
887 2291 910 2338 Si
932 2289 995 2336 enim*

156 2351 194 2412 ⁴7·8
220 2353 251 2400 Et
281 2355 360 2401 mundi
390 2355 547 2416 ignobiliffima
573 2355 740 2416 'cognoviffent‚
766 2360 885 2415 nunquam
915 2353 990 2416 gloria·-

127 2416 360 2479 eontemptisfimaque
383 2421 452 2480 elegit
475 2419 548 2480 Deus,
579 2421 703 2470 Dominum
717 2418 885 2468 crucifixissent.
994 2465 995 2468 ,

129 2484 154 2527 de
168 2495 218 2542 qnae
231 2481 288 2529 nihil
299 2481 361 2544 sunt,
371 2495 396 2533 ut
405 2500 455 2548 quae
464 2483 549 2548 aliquid
611 2501 626 2548 9
644 2488 686 2532 Sed
707 2486 903 2547 (quemadmodum
925 2479 995 2553 scrip·¹

132 2545 185 2593 sunt
197 2547 308 2607 aboleret,
347 2549 352 2559 “
580 2549 683 2610 tumest)
697 2545 995 2617 quaenecoculushomiqtt'

164 2623 195 2676 29
212 2613 249 2660 Ne
266 2613 314 2674 quis
326 2612 458 2662 mortalium
466 2612 548 2675 glorie·
579 2616 647 2675 vidit,
658 2629 699 2662 nec
710 2613 768 2661 auris
780 2614 878 2669 audivit,
890 2628 929 2661 nee
940 2624 987 2681 am·

133 2683 172 2721 tur
182 2681 240 2737 apud
254 2677 337 2726 Deum·
458 2707 463 2716 ι
578 2695 628 2726 mus
652 2678 770 2740 cogitavit,
788 2694 840 2738 quae
866 2683 988 2740 praepataut

168 2753 198 2801 30
215 2743 253 2788 Ab
266 2759 292 2789 oo
305 2754 382 2789 autem
397 2757 438 2790 voa
450 2741 500 2791 estin
511 2757 550 2805 per
580 2747 642 2794 Deus
653 2745 697 2792 suis
709 2743 862 2791 amatoribus:

136 2803 251 2852 Christum
268 2807 346 2871 ‹Jusum
367 2807 407 2868 qui
430 2807 495 2854 nobis
519 2808 550 2854 est
614 2823 644 2858 10
670 2809 742 2856 Nobis
763 2818 841 2854 autem
868 2807 926 2853 Deua
952 2802 987 2850 suo

135 2867 242 2926 sapientia
255 2866 269 2915 a
282 2871 341 2929 Deo,
356 2870 453 2932 justitia,
464 2876 486 2917 δι
500 2868 551 2918 san·
580 2874 660 2936 spiritu
672 2871 788 2936 patefecit.
822 2873 918 2932 Spiritus
933 2866 987 2939 euim

74 2973 76 2980 ,
135 2931 212 2990 abitas,
230 2938 251 2979 δε
272 2933 397 2982 liberatio?
580 2938 657 2985 omnia
669 2938 774 2996 rimatur,
792 2934 864 2984 etiam
877 2936 920 2984 Dei
930 2933 986 2982 abd·

168 3011 198 3056 31
217 2998 260 3050 Ut,
277 2999 464 3057 quemadmodum
480 2999 550 3062 scrip·
579 3003 668 3058 tiffima.

136 3064 185 3126 tum
199 3061 238 3114 est,
257 3061 302 3126 Qi
321 3062 441 3120 gloriatur,
457 3063 482 3108 in
499 3067 549 3112 Do·
573 3081 575 3084 ·
615 3067 720 3114 11Nam
740 3064 789 3128 quis
813 3063 932 3112 hominum
951 3057 995 3118 stit¹

123 3121 327 3179 ¹ffl¹¹¹⁰alorietun
580 3131 681 3178 hominio
703 3129 804 3190 negotia,
830 3130 873 3176 nist
897 3123 987 3194 hominiq

223 3185 242 3230 C
258 3189 282 3231 A
298 3189 317 3232 Ρ
333 3187 356 3231 U
373 3187 396 3234 T
429 3189 465 3232 Il·
578 3195 667 3256 spiritus
686 3195 725 3258 qui
741 3195 765 3240 in
784 3209 811 3240 eu
831 3193 884 3253 esi?
907 3193 932 3237 stc
949 3189 986 3235 Del

136 3239 314 3292 Praedicatianem
328 3247 392 3310 suam
404 3248 427 3293 in
440 3250 552 3313 exemplum
579 3259 670 3318 negotia
681 3257 756 3310 nullus
773 3257 825 3316 stit,
845 3253 887 3304 nist
898 3254 938 3304 Dei
949 3251 985 3313 sp·

168 3303 267 3368 adducit,
279 3309 401 3358 hamanitas
412 3314 494 3376 quidem
510 3316 551 3362 ai·
579 3321 658 3374 titum*

904 3395 930 3432 aa
946 3378 986 3426 Not
