2008 3518
71 117 124 166 dem
142 123 167 158 nt
184 109 328 158 interituram
348 111 488 170 assequantur
552 120 579 154 ιο
595 107 660 153 Neve
679 117 835 168 murmurate‚
857 101 933 172 queni-

71 191 191 224 coronams
210 188 234 220 nt
255 188 306 234 nor,
324 175 483 222 immortalem.
517 173 637 218 rimorum
653 186 733 220 oerum
751 174 859 221 nonnulli
874 191 935 222 mur·

104 240 134 290 26
153 239 263 301 Equidem
276 242 304 288 fic
313 255 388 294 curro,
402 250 486 284 utnon
517 231 649 294 murirunt,
665 235 743 299 itaque
760 239 789 285 ab
800 239 937 288 extermina-

71 303 175 352 interlin
193 305 222 350 src
242 306 327 364 luctor,
345 315 371 352 ut
387 304 425 364 qui
440 317 487 348 non
518 309 567 346 tore
579 300 703 360 perierunt.
782 351 786 356 ¹
866 313 868 321 ’

70 368 148 416 a'e'rcm
163 369 296 432 perlici-em:
437 401 439 412 ,
552 375 580 410 11
598 367 655 410 Haec
667 377 744 412 autem
755 361 833 415 omnia
846 367 894 414 illis
914 377 939 414 ut

93 447 142 496 ⁴7¹
154 433 215 500 Qin
236 434 350 480 contundo
370 430 488 492 subigoque
519 429 620 490 exempla
639 429 796 490 contigerunt,
813 431 942 493 scriptaque

71 513 149 545 meum
162 513 252 558 corpus,
266 515 294 544 ne
305 495 364 544 sorte
372 495 423 542 crim
433 497 488 542 alios
520 491 572 540 sunt
584 493 663 552 nostri,
675 493 713 555 qui
725 494 750 540 in
762 507 863 544 extrema
874 497 942 542 secu·

70 563 197 620 docuerim,
215 562 260 623 ipse
272 563 312 608 snn
324 561 472 621 rejesianeut.
519 558 595 604 lorum
629 558 759 618 incidimus,
793 561 944 608 *admonendi

162 629 181 674 C
198 631 220 674 Α
237 628 255 672 Ρ
272 627 294 672 U
309 626 334 672 T
367 629 398 672 Χ.
519 617 599 682 grotiri.

72 689 99 740 tr·
108 690 165 737 Deus
172 689 261 753 Judaeir
269 705 306 736 non
313 689 417 751 pepercit,
426 701 490 750 neque
548 700 583 745 μ
599 685 696 733 Proinde
704 687 743 749 qui
755 687 797 734 fibi
808 690 865 737 siare
876 687 945 736 vide-

96 756 132 802 .r'is
139 766 224 819 parcet,
241 753 315 818 quibus
322 751 365 818 sorr
379 750 490 816 eflaequa·
521 761 569 806 tur,
587 752 664 798 videat
675 767 704 798 ne
715 754 789 798 cadat.

104 820 132 864 Iis
145 821 168 866 r'n
181 818 364 882 refferr'reaeterrrir
373 815 422 880 sua
430 831 488 879 gra.
556 831 583 878 13
602 815 671 862 Nulla
694 833 745 876 vos,
763 817 804 863 nifi
827 814 957 871 humana,-

105 880 490 948 riae.1caqueabsurdunefflpar-
520 880 602 928 inuasit
615 881 722 928 tentatio.
752 884 794 928 Sed
814 880 850 926 ita
871 879 946 926 fidelis

105 949 179 1011 ticipes
193 947 247 1010 fieri
260 947 334 1008 mensa
344 945 490 992 demoniorum
522 947 583 992 Deus
594 947 636 1004 est,
653 957 679 992 ut
691 959 733 991 vos
752 962 798 992 non
815 945 946 992 intentari

104 1029 144 1075 eor,
160 1015 199 1076 qui
210 1013 280 1058 Coenae
293 1011 380 1059 Domini
399 1026 490 1056 commu-
522 1009 663 1070 permissurus
681 1007 746 1070 supri
757 1006 825 1071 quim
840 1011 945 1072 poffitis:

106 1079 189 1132 nicart,
205 1077 234 1134 &J
255 1077 295 1141 qui
309 1079 332 1123 in
349 1073 408 1122 rebus
419 1075 492 1122 mediis
523 1075 558 1120 sed
575 1090 626 1122 cum
647 1074 774 1122 tentatione
790 1076 906 1136 ejusmodi
917 1093 948 1124 e-

106 1143 206 1187 mtionem
213 1141 309 1204 proximi
321 1157 358 1188 non
370 1138 457 1188 babent.
522 1151 618 1186 ventum
630 1137 741 1199 sciturus,
751 1140 885 1188 asserendo
893 1140 949 1188 vin·

146 1207 191 1253 010
214 1219 292 1255 autem
314 1224 354 1256 vos
378 1208 491 1268 ignorare,
521 1219 572 1250 cere
585 1204 676 1264 poffitis.

162 1271 253 1328 fratres,
280 1274 376 1335 majores
405 1273 491 1320 nostros
558 1279 588 1329 14
604 1269 767 1332 Qnmobrtm,
783 1267 873 1317 &mihi
886 1271 948 1317 eha-

75 1352 155 1384 omnes
167 1337 206 1384 sub
218 1339 276 1386 nube
287 1337 363 1400 suilie,
380 1342 402 1384 δε
414 1351 493 1384 omnes
524 1333 610 1391 riffimi,
619 1333 946 1393 tugitedeastrorumcultum.

75 1415 138 1451 mare
150 1401 266 1464 trajecisse.
559 1411 587 1458 15
605 1401 638 1444 Ut
647 1401 766 1458 prudentes
773 1399 889 1460 alloquor:
900 1399 948 1461 ju-

85 1459 88 1468 ’
113 1468 174 1512 2Et
201 1481 282 1514 omnes
306 1467 399 1514 nomine
423 1463 494 1511 Mofis
522 1462 595 1509 dicate
608 1478 646 1509 vos
659 1468 715 1524 quod
728 1479 771 1523 ego
784 1464 838 1509 dieo.

79 1531 138 1575 nube
150 1531 251 1592 marique
265 1531 396 1592 baptizatos.
535 1559 538 1566 ·
558 1527 587 1576 16
608 1527 716 1574 l’oculum
735 1527 897 1584 laudatorium,
916 1524 946 1572 in

111 1609 124 1655 3
142 1595 172 1640 Et
191 1609 270 1642 omnes
289 1597 366 1642 eodem
383 1589 495 1653 spirituali
525 1609 569 1652 quo
580 1592 653 1638 laudes
666 1592 772 1650 dicimus,
785 1609 860 1639 nonne
878 1607 948 1637 eum-

79 1657 129 1707 cibo
140 1657 190 1704 ulos
206 1658 280 1707 fuisse.
525 1657 625 1704 munitas
646 1656 730 1703 Christi
751 1657 865 1716 sanguinis
887 1657 947 1704 cst?

109 1735 127 1782 4
143 1721 173 1768 Et
183 1737 260 1768 ornnes
275 1723 368 1768 eandem
377 1720 492 1781 potionem
525 1724 599 1785 Qem
618 1735 698 1780 panem
715 1721 850 1781 frangimus,
867 1736 949 1767 noune

78 1783 216 1847 spiritualem
229 1785 314 1832 bibisse.
347 1786 493 1834 Bibebante·
524 1785 674 1832 communicas
683 1785 767 1832 Christi
779 1786 880 1846 corporis
892 1787 947 1833 est?

8 1903 9 1906 Ἴ
78 1853 128 1898 nim
139 1867 167 1912 ex,
182 1850 294 1912 spirituaii
305 1849 410 1913 sequente
419 1863 507 1911 petra„
559 1865 587 1908 17
604 1850 790 1914 Qandoquidem
798 1867 856 1898 unus
871 1851 949 1912 panis,

77 1932 129 1977 quae
140 1928 202 1977 petra
213 1916 314 1964 Christus
327 1927 384 1966 erat.
526 1929 598 1960 unum
608 1929 688 1975 corpus
700 1915 770 1962 multi
782 1915 877 1964 sumus:
895 1931 952 1962 om-

113 1997 126 2044 5
150 1983 180 2028 Et
202 1991 279 2030 tamen
299 1995 378 2028 eorum
395 1979 495 2042 plerique
526 1993 565 2024 nes
585 1979 650 2042 euim=
667 1978 742 2026 sumus
763 1980 863 2042 ejusdem
884 1979 951 2044 panis

78 2043 129 2092 Deo
148 2046 233 2107 accepti
253 2043 299 2094 nori
319 2045 425 2092 sueruntt
442 2045 494 2092 sunt
526 2041 652 2106 participes.

18 2149 20 2153 .
78 2108 142 2157 enim
157 2109 319 2158 insolitudine
332 2109 442 2171 prostrati.
561 2107 589 2156 18
606 2108 748 2154 Considerate
756 2109 881 2166 lsrn'e'litas‚
889 2111 951 2172 quod
994 2135 996 2166 ς

73 2206 76 2221 .
111 2173 127 2220 6
146 2175 202 2226 Haee
219 2186 296 2222 autem
315 2175 380 2220 nobis
396 2173 497 2234 exempla
528 2174 554 2216 ad
567 2187 656 2218 curnem
667 2173 766 2220 attinett
786 2175 898 2222 nimirum
910 2175 951 2236 qui

79 2239 192 2297 praebent,
209 2237 316 2289 norimus
331 2241 496 2284 malorumcu.
525 2235 637 2284 sacrificiu
666 2237 797 2298 vescuntur,
822 2239 874 2286 sunt
901 2253 950 2288 arae

79 2300 136 2362 pidi,
154 2311 181 2346 ut
195 2301 232 2348 illi
245 2301 431 2362 concupiverunt.
527 2299 653 2362 participes.

112 2381 127 2428 7
152 2365 219 2411 Neve
239 2366 375 2412 deastrorum
398 2364 496 2414 cultores
563 2379 590 2426 19
608 2366 730 2430 Qidtrgo
748 2365 781 2412 est
799 2370 857 2428 quod
875 2368 948 2416 dico?

81 2426 138 2488 fitis,
157 2428 287 2478 utiliorum
299 2430 414 2488 nonnulli,
432 2431 497 2478 sicuti
527 2428 649 2476 sacrificata
668 2430 757 2477 dersiris
778 2433 823 2478 esse
843 2432 948 2498 aliquid?

8 2511 9 2514 ¹
81 2494 199 2550 memoriae
221 2495 335 2556 proditum
358 2497 405 2542 esi:
435 2497 497 2548 Sedit
528 2505 568 2540 aut
579 2496 673 2542 deesiros
690 2494 734 2541 effe
745 2496 853 2556 aliquid?

8 2579 9 2582 ¹
81 2559 176 2620 populus
194 2562 219 2608 ad
238 2559 369 2620 capiendum
380 2559 455 2606 cibum
472 2577 497 2606 ac
561 2573 593 2608 20
609 2561 660 2608 lmo
673 2575 722 2622 quae
734 2561 859 2608 sacrificant
870 2571 950 2608 extra-

82 2621 208 2681 potionem,
224 2625 303 2672 deinde
317 2623 459 2670 surrexerunt
470 2629 497 2673 ad
528 2623 577 2681 nei,
592 2639 616 2669 ea
628 2625 742 2673 demoniis
755 2625 879 2674 sacrificare
887 2627 949 2687 dico,

8 2711 10 2734 ι
81 2684 213 2734 ludendum.
527 2703 575 2733 non
603 2689 660 2736 Deo.
701 2690 840 2738 Daemonum
871 2702 947 2740 autem

8 2749 10 2774 ³
116 2751 130 2796 8
147 2752 211 2798 Neve
230 2749 366 2798 scortemurc
391 2757 496 2814 quemad·
527 2749 647 2814 participes
659 2754 702 2800 esse
713 2771 752 2801 vos
763 2755 825 2803 nolo.

8 2815 10 2846 ἓ
81 2817 175 2862 modurn
193 2831 272 2862 eorum
291 2817 498 2864 nonnulliseorrati
562 2830 591 2864 2¹
612 2818 665 2864 Non
677 2819 767 2878 potestis
781 2818 908 2866 &Domini
924 2827 948 2869 te

8 2931 12 2948 μ
82 2876 146 2948 sunt,
158 2879 251 2938 ideoque
262 2878 390 2928 ceciderunt
403 2897 448 2932 uno
462 2883 498 2929 die
528 2883 692 2927 daemoniorum
719 2883 825 2942 poculum
855 2885 945 2935 biberet

81 2942 164 2996 viginti
177 2942 221 2988 tria
238 2942 319 2988 millia.
529 2961 576 2990 non
589 2947 680 3004 potestis
691 2951 712 2991 ἅτ
721 2947 817 2993 Domini
829 2951 851 2994 δι
861 2951 946 2998 daemo·

114 3007 211 3060 9Neve
234 3005 350 3052 Christum
371 3016 497 3062 tentemus,
529 3009 617 3054 niorum
627 3011 892 3072 mensamparticipare:

80 3068 268 3137 quemadmodum
291 3081 371 3114 eorum
390 3071 497 3116 nonnulli
560 3072 761 3120 221rritandusuc
782 3076 848 3122 nobis
864 3077 945 3124 Domi-

16 3130 18 3140 '
81 3136 211 3198 tentarunt,
227 3128 304 3191 itaque
324 3129 339 3180 i
359 3132 498 3196 serpentibus
527 3149 568 3178 nus
581 3135 629 3182 est?
647 3152 703 3187 num
722 3137 799 3187 sumus
820 3155 848 3188 eo
868 3155 945 3203 poten·

80 3197 205 3250 perierunt.
275 3224 282 3242 e
513 3197 619 3246 tiores?

823 3282 855 3331 η
874 3269 944 3336 Qid·
