2008 3518
308 111 545 202 carun
587 135 677 204 xiv,
776 135 778 138 ·
858 132 919 227 '247

85 263 118 302 12
136 253 173 299 Ita
187 266 239 310 vor,
255 251 369 314 postquam
380 251 475 298 affulta·
502 249 616 311 literatus,
634 251 736 312 arguitur
757 253 785 300 ab
804 255 920 314 omnibur,

52 309 116 364 toiea
130 317 181 364 estis
193 319 305 362 donorum
318 313 416 374 spiritis,
426 319 477 362 date
503 317 631 376 exploratur
643 320 670 365 ab
683 315 797 374 omnibus,

52 395 147 441 operam
166 390 195 428 ut
213 381 237 426 in
256 381 288 428 eia
305 379 338 425 ita
358 379 477 443 excellitis,
536 394 566 444 25
583 383 662 443 Atque
674 381 706 428 ita
718 382 766 441 ejus
777 380 847 428 animi
855 399 919 430 arca-

53 456 81 492 ut
92 444 117 491 id
133 445 231 492 utilitati
244 445 271 491 lit
287 441 399 504 contioni
503 458 532 489 na
554 445 614 492 fiunt
637 446 767 508 perspicua:
792 445 824 492 ita
843 446 870 492 fit
894 458 921 494 ut

89 525 117 572 13
134 515 212 572 Quare
221 510 261 571 qui
272 506 346 559 alieni
355 502 475 568 linguilo·
504 525 586 569 pronus
597 512 691 567 aecidat,
709 514 829 572 adoretque
845 509 921 558 Deum

53 572 477 634 quitur,oret‚utpoffitinterpretari.
506 567 616 634 confite'np
627 575 701 624 Deurn
717 589 794 624 revera
815 574 839 621 in
858 575 922 623 vobin

90 651 124 697 14
140 639 165 686 Si
185 639 248 686 enirn
269 634 384 702 peregrini
399 633 477 695 lingui
506 637 558 696 effe.

55 716 130 758 orem,
147 703 226 750 animo
244 703 333 764 quidem
354 719 408 749 oroa
433 701 482 762 sed,
539 701 570 749 26
595 701 655 766 Qrid
678 719 731 764 ergo
754 705 795 762 est,
821 702 921 752 fratres?

56 769 115 826 quod
128 769 155 814 ad
168 767 305 814 sententiam
317 767 411 826 attinet,
429 765 478 813 sum
505 769 599 830 Qando
610 767 685 825 portis,
700 783 790 816 carmen
808 769 877 816 habet
893 783 922 814 a·

16 848 20 859 ’
54 827 220 878 infinituosus.
504 829 570 892 liquis
583 833 692 891 restrium,
706 834 831 880 doctrinam
844 833 924 888 habet,

81 909 121 957 ¹15
139 895 266 958 Qidergo
279 895 329 944 est?
348 896 385 941 Ita
401 893 478 942 animo
504 893 603 955 linguam
633 898 712 956 habet,
748 898 924 960 patefactionem

55 961 137 1015 orabo,
166 973 193 1006 ut
213 960 370 1020 'significanter
398 974 486 1013 orem:-
504 960 583 1018 habet,
606 959 818 1022 interpretationem
843 963 923 1023 habet,

55 1025 182 1072 ita'ariimo
194 1027 289 1071 cantabo
305 1036 331 1072 ut
350 1017 476 1086 significan·
506 1023 583 1072 omnia
600 1029 625 1072 ad
639 1027 763 1073 utilitatem
781 1028 846 1075 fiant.

56 1097 93 1136 ter
108 1104 208 1135 cantem.
537 1101 568 1150 27
584 1089 609 1135 Si
628 1091 676 1150 quis
694 1089 810 1153 peregrini
822 1093 924 1152 loquitur

93 1155 122 1200 1⁸6
151 1151 245 1200 Etenim
268 1153 284 1198 si
305 1151 381 1200 animo
404 1152 478 1198 laudes
506 1149 593 1214 lingui,
612 1153 652 1202 fiat
670 1157 692 1203 id
710 1173 748 1217 per
765 1159 820 1204 duos
839 1157 924 1203 autad

58 1217 129 1278 dicas,
146 1219 164 1264 is
177 1234 214 1279 qur
232 1217 336 1263 illiterati
351 1218 426 1262 locum
444 1225 480 1261 te·
506 1218 620 1266 summum
630 1229 685 1278 tren,
700 1220 768 1282 idque
778 1221 882 1280 attentis,
899 1225 932 1268 dn*

60 1295 110 1342 net,
128 1299 172 1344 quo
187 1282 252 1342 paeto
264 1281 333 1342 dicet,
350 1285 437 1336 Amen,
453 1281 479 1324 ad
509 1297 565 1328 unus
579 1283 749 1342 interpretetur.
827 1319 836 1336 ,r

60 1356 122 1394 tuam
142 1349 268 1406 gratiarum
288 1345 412 1400 atlionem,
427 1341 480 1392 etim
541 1345 571 1392 28
597 1347 661 1410 Qdd
684 1347 699 1394 'fi
722 1349 780 1395 abest
803 1349 925 1408 interpret,

59 1412 113 1474 quid
126 1413 185 1457 dicae
197 1411 305 1471 ignoret?
508 1417 581 1456 taceat
592 1409 616 1456 in
628 1412 744 1472 concione,
754 1429 780 1460 ao
790 1413 831 1460 [ibi
843 1405 924 1474 loque·
939 1449 942 1455 .

94 1490 122 1536 17
141 1478 202 1523 Nam
220 1488 246 1520 tu
260 1475 347 1534 quidem
357 1470 417 1520 reete
428 1487 481 1530 gra·
509 1485 546 1524 tur
559 1479 582 1520 dr
593 1475 652 1522 Deo.

61 1539 102 1587 tias
115 1542 176 1600 agis:
197 1540 231 1585 sed
244 1540 301 1584 alter
313 1555 358 1586 non
376 1538 479 1598 juvatur.
541 1552 572 1603 29
590 1539 661 1586 Vates
680 1539 736 1587 item
747 1543 791 1588 duo
803 1538 876 1590 tresve
885 1540 925 1586 lo·

96 1606 124 1652 18
142 1608 194 1664 Ago
203 1605 252 1650 Dzo
264 1619 314 1650 meo
326 1600 481 1662 gratias,qui›d
510 1615 618 1666 quantur,
636 1609 657 1648 de
673 1605 712 1651 alii
721 1605 857 1668 dijudicent.

63 1670 141 1728 magis.
160 1665 229 1730 quim
250 1669 347 1714 vestrim
366 1666 481 1732 quisquam
543 1683 573 1730 30
588 1664 653 1732 Qdi
672 1668 687 1715 sr
710 1668 763 1730 puid
782 1670 821 1718 alii
840 1667 931 1722 sedentiv

62 1732 148 1793 linguas
162 1744 230 1780 teneo
244 1733 376 1794 peregrinas.
510 1733 647 1794 patesatlum
662 1732 742 1787 suerit,
760 1736 844 1796 primus
854 1732 930 1781 srleto‘.

96 1812 125 1860 19
143 1800 184 1844 Sed
195 1793 480 1856 inconcionemaloquin·
542 1813 572 1861 31
590 1798 685 1844 Potestis
704 1799 765 1846 enim
785 1815 862 1845 omnes
881 1797 927 1843 snr-

63 1879 106 1925 qne
126 1863 196 1911 veiha
214 1861 243 1908 fic
261 1861 347 1924 eloqui,
365 1872 391 1906 ut
412 1858 481 1906 intel·
510 1861 607 1920 gulatinr
619 1860 748 1920 vaticinari,
761 1857 929 1910 promendis.

62 1929 146 1988 ligatur
168 1927 243 1976 oratio
267 1941 326 1983 mea,
355 1941 399 1986 quo
425 1922 482 1970 alios
510 1937 575 1985 cant,
592 1930 702 1972 &omnes
715 1927 887 1974 confirmentur.

61 1991 175 2054 amiam,
192 1987 263 2054 quim
281 1991 361 2054 ignoto
381 1988 482 2037 sermone
545 2005 576 2054 32
592 1987 929 2052 Etratunrspiritusseserati-

63 2054 128 2106 mille
140 2059 217 2106 verba.
511 2055 552 2102 bun
562 2053 711 2102 submittunt.

18 2138 20 2147 ·
95 2135 128 2170 20
144 2122 246 2182 Fratres,
262 2136 293 2170 ne
310 2120 354 2168 este
369 2115 483 2168 mentibus
544 2131 573 2182 33
591 2117 719 2167 Nonenim
737 2117 928 2167 estturbarnenti
994 2153 995 2156 ,

63 2183 179 2237 infantes:
199 2187 235 2233 sed
254 2185 318 2235 vitiis
342 2184 386 2232 este
407 2181 482 2246 pueri,
511 2183 583 2243 Deua,
600 2181 636 2230 sed
648 2181 722 2244 pacis:
740 2193 766 2230 ut
787 2183 814 2230 fit
834 2183 857 2231 in
873 2199 926 2232 om·
950 2235 955 2244 ,
993 2227 994 2230 ,

64 2251 179 2299 mentibus
196 2249 361 2303 autemadulti.
511 2249 576 2296 nibus
590 2247 718 2296 ianitorum
731 2247 883 2296 contionibus.
979 2253 982 2258 '

97 2329 128 2363 21
148 2317 177 2362 ln
190 2316 306 2376 disciplina
324 2315 352 2360 fic
366 2311 482 2360 memoria
545 2327 583 2376 34Ἰ
593 2315 683 2360 Uxores
692 2315 771 2361 veslrae
780 2314 803 2360 in
812 2313 929 2362 concioni·

65 2381 178 2441 proditum
201 2381 249 2427 est:
280 2378 369 2426 Alienis
391 2377 482 2438 ,linguis
513 2379 667 2426 buataoento:
686 2395 731 2424 non
749 2379 926 2426 enimconoedi·
961 2375 962 2378 ’

66 2457 132 2506 atque
144 2443 213 2493 labris
230 2443 298 2492 illum
316 2443 428 2506 populum
446 2441 484 2487 al·
512 2453 550 2490 tur
561 2443 592 2490 eis
603 2443 674 2506 loqui,
691 2443 727 2489 sed
740 2459 825 2506 parere,
842 2457 928 2506 quem·

66 2508 154 2571 loquar,
171 2515 192 2558 dc
207 2507 295 2566 ta'men,
313 2509 381 2554 nesio
393 2505 483 2570 quidem
511 2511 631 2555 admodum
642 2507 758 2568 disciplina
770 2509 833 2554 dicit.

67 2570 125 2620 mihi
136 2569 333 2636 obtemperrirunt,
347 2571 481 2636 inquitDor
545 2586 574 2636 35
592 2571 656 2634 Qrdd
675 2573 693 2618 sr
712 2572 766 2634 quid
784 2571 867 2618 discere
883 2586 929 2618 νο-

67 2639 151 2686 minua.
222 2665 223 2673 κ
511 2635 929 2696 lunt,domisuosvirosinterroganto.

97 2717 130 2751 aa
152 2705 243 2764 ltaque,
271 2699 355 2761 linguae
378 2709 498 2762 portento,
513 2701 591 2760 Turpe
611 2703 642 2748 est
653 2699 714 2749 enirn
724 2698 823 2748 foenrinie
836 2699 861 2745 in
873 2713 929 2747 eon·

68 2765 129 2825 '···t,
147 2781 194 2814 non
214 2766 346 2822 fidentibus,
368 2765 404 2812 sed
427 2765 482 2812 insi-
513 2765 578 2812 eione
589 2764 658 2827 loqui.
696 2813 698 2818 ,
757 2816 760 2824 ¹

108 2832 188 2880 tibure
216 2829 347 2878 vaticinatio
367 2827 421 2877 verd
437 2845 484 2878 non
520 2863 523 2868 -
545 2827 575 2893 36
592 2832 616 2876 Α
637 2827 731 2877 vobisne
751 2825 840 2874 divinus
857 2827 930 2875 sermo

108 2895 275 2950 dentibusssed
287 2892 417 2942 fidentibus.
513 2894 615 2955 prodiit?
639 2905 679 2941 ant
701 2895 727 2940 ad
747 2907 787 2940 vos
803 2891 861 2940 solon
879 2905 931 2954 per·

108 2974 129 3023 ²3
146 2959 249 3021 Igiturli
265 2959 395 3006 convenerit
405 2959 484 3006 eodem
513 2958 598 3007 venit?

108 3025 170 3072 versa
181 3025 271 3084 contio,
286 3029 309 3070 de
322 3039 401 3070 omnen
420 3037 485 3084 pere·
512 3055 513 3060 ,
548 3037 578 3085 37
595 3021 619 3070 Si
630 3021 679 3083 quir
690 3019 733 3068 tibi
744 3029 806 3067 vater
822 3029 863 3067 aut
881 3019 931 3082 spi·

108 3090 135 3138 tis
159 3089 283 3152 loquantur
300 3087 394 3147 linguis,
416 3087 433 3132 fi
456 3083 484 3133 εὸ
513 3085 765 3142 ritualisvidettaresle,
778 3083 929 3146 recognoscat,

104 3153 182 3213 tereti,
200 3165 241 3202 aut
254 3153 371 3202 insidentes
385 3153 484 3209 intrent,
515 3163 565 3212 quae
584 3151 649 3198 robis
668 3147 750 3209 scribo,
773 3149 817 3198 effe
835 3146 931 3197 Domini

108 3233 195 3266 meros
206 3217 304 3266 insanire
316 3216 413 3263 dicent?
480 3217 483 3224 '
516 3225 635 3276 praeeepta.
899 3271 901 3276 y

108 3297 132 3346 ’4
148 3283 191 3332 Sed
203 3283 219 3331 fi
232 3295 310 3330 omnes
322 3279 487 3334 vaticinentur,
547 3275 578 3336 38
594 3275 658 3341 Qdd
669 3274 744 3340 fiquin
752 3275 852 3339 ignorat,
865 3274 931 3332 igno·

104 3347 266 3412 irttetaliquia
284 3344 382 3394 insidens
396 3353 435 3391 aut
454 3341 485 3388 ila
516 3353 575 3390 rato·
848 3360 851 3363 ·

579 3404 598 3450 L
613 3415 633 3464 4
787 3413 818 3465 39
834 3395 932 3462 Proinde
