2014 3526
346 145 498 233 r[6]

16 266 99 325 aliam
115 266 236 344 linguam
251 262 323 344 polle
342 266 494 336 transferre,
515 263 627 325 humani
651 263 754 344 ingenii
772 272 798 326 se
816 269 876 328 elo-

15 345 133 420 quentiae
146 346 259 403 nonest.
299 345 367 420 Qris
389 346 466 401 enim
490 345 635 402 hominum
660 346 714 404 Dei
738 347 876 426 linguam,

17 441 50 480 nt
62 426 108 491 est,
120 422 239 504 propriis
251 421 297 482 suit
311 429 336 480 δι
346 422 476 502 germana
489 422 574 502 specie
587 427 741 502 exprimere
751 429 850 504 poterit
864 449 875 491 ι

18 521 70 561 nec
84 505 242 562 Graecorum
263 501 407 578 quisquam
421 502 473 559 hoc
487 501 577 560 secisse
593 505 704 580 legitur,
724 524 782 574 nec,
801 507 875 580 quod

16 581 115 652 sciam,
138 583 308 658 Latinorum.
351 582 443 652 Quare
456 580 578 638 homines
591 584 720 642 debemus
734 586 763 641 in
773 603 879 642 errores

18 661 164 730 hominum
193 671 257 720 ‘non
289 660 388 718 saevire.
444 658 506 719 Nec
533 662 601 718 'ideo
632 667 732 720 errauit
757 663 880 739 quisquis

18 741 132 808 erravit,
151 738 223 818 qudd
239 737 338 797 Latine
351 744 382 800 ἃ,
395 737 531 816 eleganter
544 739 671 799 studuerit
693 743 779 799 sacros
794 743 880 800 libros
893 803 896 810 ⁴

19 820 176 878 traducere:
207 837 328 878 errorum
352 817 418 874 'aliae
450 819 510 876 sunt
542 820 653 885 causae3
687 821 877 895 eloquentiam
955 874 956 887 ,

19 899 97 957 nullo
110 899 192 956 modo
204 898 379 957 accusandam
391 895 496 955 censeo.
536 897 593 956 Cur
613 889 689 956 eniin
712 900 779 957 alibi
800 917 879 958 tom-

18 980 70 1053 pti,
101 976 149 1037 hic
173 977 347 1055 incompti;‚
364 975 432 1034 alibi
455 976 546 1054 politi,
579 975 629 1036 hic
652 979 771 1056 polluti:
808 979 880 1036 alibi
982 1027 988 1042 ,

21 1055 161 1126 Cicerones,
181 1055 229 1116 tte
244 1055 361 1114 Infantes
371 1070 420 1112 aut
433 1055 542 1113 Barbari
555 1057 654 1114 erimus
670 1061 680 1114 i
701 1059 757 1116 Cur
771 1073 880 1116 caeterae

19 1152 89 1194 artes
103 1137 230 1196 humanae
252 1134 414 1212 &prolana
429 1134 568 1204 nitescere,
588 1136 642 1192 sola
663 1132 728 1193 verri
749 1136 880 1214 scriptura

19 1216 129 1275 horrere
142 1217 247 1274 debet?
268 1217 296 1275 si
321 1233 378 1270 rem
399 1213 470 1270 redd
492 1214 643 1272 existimare
666 1217 804 1272 velimust
835 1217 880 1275 hic

20 1295 80 1352 linis
91 1299 218 1353 omnium
232 1294 278 1361 est,
308 1291 362 1349 Dei
383 1293 482 1370 gloria,
500 1290 574 1368 'quae
586 1285 742 1373 illustratur,
773 1294 792 1351 st
816 1296 882 1352 illu·

20 1374 95 1432 strior
117 1377 171 1450 ejus
192 1374 318 1431 reddatur
350 1373 461 1435 oratioe
504 1371 558 1428 huc
583 1370 735 1430 Rhetorum
769 1375 878 1450 expoli-

21 1456 128 1516 tiones;
150 1457 203 1512 huc
216 1452 369 1527 linguarum
384 1449 528 1525 cognitio;
551 1450 604 1508 huc
623 1451 757 1526 quicquid
776 1454 813 1509 est
826 1451 881 1508 dis·
898 1475 901 1482 ·

21 1533 185 1608 ciplinarum
207 1533 331 1587 omnium
351 1532 376 1584 δι
402 1528 595 1607 doctrinarum,
613 1543 744 1604 tanquam
769 1531 802 1587 ad
822 1530 881 1586 sco·

22 1629 88 1690 putu
104 1614 212 1668 unicum
236 1614 260 1666 δι
285 1608 420 1663 ultimum*
435 1605 563 1673 referunt,
585 1613 634 1664 dcc.
677 1607 745 1664 Item
762 1613 788 1663 in
802 1615 882 1664 eode'm

22 1689 106 1749 libro:
127 1688 237 1763 Castalio
259 1685 357 1743 multos
379 1703 462 1740 annos
484 1687 560 1742 dorni
576 1685 648 1742 suam
662 1684 820 1756 versionem,
851 1692 896 1744 ut'

21 1771 111 1836 audio,
132 1766 274 1844 suppressit,
303 1763 453 1828 trutinavit,
482 1764 621 1838 expendit,
648 1763 786 1822 elimavit:
822 1763 882 1821 He·
961 1789 968 1794 ·
1001 1827 1004 1836 Ι

23 1849 126 1912 beaicas
143 1846 250 1924 phrases
270 1862 333 1900 cum
356 1841 461 1898 Latinis
483 1841 697 1920 diligentissime,
719 1849 742 1900 δι
763 1843 903 1902 Graecis-·

23 1947 82 1985 mos
95 1928 161 1984 item
174 1944 238 1982 cum
260 1919 449 1999 probatiffirnis
469 1922 607 1979 autoribus
629 1923 730 1998 linguae
749 1923 882 1983 Romanae

22 2005 222 2084 conjungendo,
256 2015 285 2059 ut
316 1997 398 2076 quam
426 1997 614 2078 appositissime
637 2001 804 2060 idiotismum
825 2004 884 2062 red·
946 2063 949 2068 ,

23 2089 109 2155 deret,
131 2079 346 2144 &Hebraismos
355 2078 514 2157 explicaret.
586 2153 588 2160 y
639 2115 641 2119 ·

116 2253 255 2304 ORDO
282 2251 569 2302 LIBRORUM
601 2248 795 2304 NoviFaederir.

74 2381 213 2443 Vangelium
232 2382 328 2432 authore
340 2381 405 2428 Mat·
470 2381 508 2427 nd
521 2377 675 2439 Philippenses
687 2391 742 2427 una.

91 2448 162 2495 thaeo.
284 2461 288 2472 ⁴
470 2447 510 2491 nt
523 2443 661 2490 Coronenses
674 2459 726 2490 una.

24 2511 172 2572 evangelium
185 2509 282 2559 authore
299 2509 406 2559 Marco..
468 2511 506 2556 Ad
518 2507 726 2556 Thessalonicenses
739 2508 798 2560 duae.

24 2577 176 2638 Evangelium
189 2575 271 2624 author
282 2576 352 2623 Luca.
467 2577 505 2624 Ad
518 2573 672 2620 Timotheum
683 2575 741 2621 duae.

25 2641 178 2701 Evangelium
192 2642 287 2688 authore
294 2640 415 2706 *Johartnm
471 2641 509 2684 Ad
522 2639 604 2685 Titum
616 2651 669 2684 una.

24 2705 86 2754 Asia
97 2705 266 2767 Apostolorum.
315 2709 317 2716 ’
470 2703 552 2770 Jacob-¹
566 2701 662 2762 Epistola
672 2715 725 2751 um·

83 2805 141 2855 ΕΡ
157 2805 203 2857 18
218 2803 308 2852 501,
323 2803 368 2855 Α.
470 2767 605 2816 Perriduae.

470 2832 581 2900 Johannis
593 2841 647 2877 tres.

24 2911 89 2963 Pauli
101 2914 127 2957 ad
143 2911 258 2958 Romanos
270 2923 325 2957 una.
469 2901 533 2966 Judae
555 2911 607 2942 una.
861 2961 867 2970 1

25 2980 64 3026 Ad
76 2976 208 3025 Corinthios
222 2977 282 3023 dure.
474 2963 572 3025 Epistola
586 2966 611 3008 ad
623 2961 732 3012 Hebraeos
744 2969 799 3007 una.
889 3002 893 3010 ,

25 3045 65 3090 Ad
78 3040 170 3088 Galatas
182 3057 237 3087 una.
473 3028 627 3093 Apocalypsis.

28 3177 206 3268 Errretamed
216 3179 272 3226 rra
282 3177 303 3222 o
314 3177 335 3222 a
347 3176 382 3250 ιι
396 3173 413 3220 o
425 3170 454 3232 o,
476 3167 533 3235 qna
544 3183 581 3213 rra
589 3166 646 3233 sna
657 3159 738 3230 rrann
753 3127 829 3222 centa
841 3174 887 3206 em

85 3248 101 3297 ἃ
114 3247 149 3295 D.
161 3245 229 3293 Pausa
237 3243 275 3308 effe
286 3239 435 3304 conscriptam,
449 3233 474 3283 ab
486 3249 531 3282 eant
538 3243 592 3299 pute
601 3231 694 3299 causam,
711 3227 752 3273 Vrr
767 3224 848 3272 Dasius
856 3223 889 3269 ed

30 3312 106 3364 calcem
118 3307 258 3377 Ephleserurn
269 3303 350 3370 rejecit.

682 3333 887 3423 Evam
