2008 3518
312 91 552 166 curun
593 97 746 179 xnxn.
912 127 973 199 227

145 225 176 260 ιο
192 211 276 272 Rene,
302 215 435 264 Diffidentia
454 215 527 262 evulfi
556 214 584 262 srt
604 232 690 280 quoque
713 218 825 270 tribuatur
844 222 973 272 misericor.

108 276 175 325 sunt:
195 279 336 328 tutidestar·
370 281 408 328 Ne
421 280 527 328 insolesce
555 279 599 326 dia.
962 295 965 306 ·

111 343 147 389 sed
159 343 223 390 time.
585 356 615 405 3²
632 343 748 392 Conclufit
761 347 822 396 enirn
832 351 892 399 Deur
904 367 959 399 om.

121 439 125 444 -
140 421 169 456 21
187 407 212 453 Si
223 406 286 454 enim
300 407 360 456 Deus
381 409 523 456 naturalibus
550 421 589 454 nea
599 408 622 454 in
630 407 815 472 inobedientiam,
828 426 853 462 ut
859 417 963 465 omnium

106 472 173 518 tamis
182 472 347 534 non'pepereit,
359 475 409 535 quid
418 475 434 520 sr
443 491 471 520 ne
480 472 523 520 tibi
549 474 690 520 misereatur.

106 537 197 596 quidem
211 547 286 596 parcat
301 539 310 585 ἓ
518 591 520 598 Ι
583 552 612 600 33
630 539 652 582 0
667 537 736 586 altam
753 539 866 601 sapiehliae
877 543 959 605 cogni·-

137 615 169 649 22
185 601 248 648 Vide
268 617 321 661 ergo
346 600 389 648 Dei
414 597 520 658 benigni·
548 600 877 667 tionisqueDeiopulentiamr
893 608 961 669 quim

107 669 211 712 tarem&
224 665 385 712 severitatem
412 661 520 722 inlapsos
547 667 636 725 penitus
657 669 771 716 recondita
792 671 839 732 ejus
864 672 961 733 judicia,

106 728 270 777 severitatem:
296 730 320 777 in
346 740 369 776 te
384 727 521 787 benignita·
548 729 615 791 quim
626 731 731 780 abstrusae
743 734 794 780 sunt
805 734 927 784 rationes?

106 803 162 850 tem,
197 793 213 840 si
236 792 305 842 modb
334 793 359 841 in
381 793 520 852 benignitate
580 795 679 860 34le
702 798 764 845 enim
784 799 878 845 Domini
893 817 959 846 men.

106 859 222 906 manseris.
257 859 367 920 Alioquin
384 862 405 904 tu
420 856 518 904 turese·
547 867 594 904 tem
607 861 695 910 novit?
719 873 759 910 aut
778 861 826 924 quir
848 863 869 910 ei
888 864 960 912 fuiti

97 923 188 970 ‘caberia
199 937 205 970 2
547 924 639 971 consilio
651 929 661 972 i
813 926 818 940 '

90 1000 93 1008 ·
135 998 166 1047 23
186 989 217 1034 Et
235 987 283 1047 illi,
300 986 341 1034 nisu
353 987 378 1034 in
395 984 517 1032 diffidentia
579 1003 608 1049 35
626 992 676 1038 Aut
686 989 777 1050 quirilli
786 991 839 1040 ante
848 992 959 1052 contulit,

104 1052 278 1112 permanserint,
304 1052 439 1098 inserentur.
473 1051 518 1097 Po·
542 1063 572 1098 vut
585 1054 606 1100 ei
619 1055 690 1114 gratia
699 1055 831 1105 referatur?

102 1117 146 1162 test
156 1117 219 1166 eninr
235 1119 297 1165 Deua
317 1131 355 1164 eoa
368 1114 444 1164 rursus
458 1113 517 1161 inse·
576 1119 606 1178 56
626 1121 685 1165 Nam
698 1120 724 1165 ab
741 1137 777 1179 eo,
796 1126 817 1167 tle
835 1137 873 1182 per
892 1137 956 1180 eum,

102 1195 160 1228 rere.
477 1185 480 1196 '
544 1185 566 1226 δι
580 1195 670 1244 propter
677 1199 729 1230 eum
741 1185 834 1232 omnia:
852 1185 873 1232 ei
887 1187 959 1248 gloria

134 1258 168 1306 24
183 1241 516 1293 Numsrtuexnaturalianr·
545 1244 569 1290 in
581 1247 751 1306 sempiternum.
787 1250 872 1297 Etiam.

101 1321 192 1369 putatus
204 1311 305 1368 oleastro,
321 1309 400 1356 insrt'ua
424 1323 446 1353 ea
459 1321 518 1352 oon-
616 1313 673 1358 CA
690 1314 709 1358 P
725 1313 748 1357 U
765 1315 789 1359 Τ
821 1315 882 1361 Xll.

102 1384 137 1420 tra
146 1371 252 1422 naturam
266 1375 294 1424 ,in
316 1375 396 1421 bonam
411 1371 514 1420 olivam:
544 1371 681 1419 Poraenrtr'ca
697 1380 789 1423 trallae.
823 1377 865 1424 Ad
880 1375 957 1424 rustum

102 1450 188 1500 quanto
199 1439 269 1500 magis
284 1439 318 1486 illi
338 1438 458 1484 secundum
468 1451 515 1481 ua·
576 1436 622 1483 Deo
639 1449 749 1502 gratumq
774 1440 805 1486 ad
826 1440 954 1488 dilaniamur

101 1513 177 1566 turam
190 1505 214 1550 in
226 1507 335 1566 propriam
348 1503 476 1550 inserentur
488 1516 517 1547 o·
568 1501 704 1564 fimulatam,
737 1505 802 1552 etiam
824 1506 954 1552 inimieorum

101 1567 187 1617 leam?
539 1585 543 1590 ·
575 1567 714 1618 adhortatur.

131 1647 162 1694 ²5
179 1631 240 1681 Nolo
257 1632 318 1679 enim
341 1645 381 1678 vos
403 1631 514 1692 ignorare,
626 1638 685 1682 Uare
693 1631 853 1696 cohortosros‘,
864 1637 954 1694 fratrer,

102 1696 195 1756 statres,
220 1713 326 1748 arcanum
341 1697 393 1752 hoc,
422 1711 450 1742 ne
475 1695 515 1755 ipsi
634 1715 672 1759 per
701 1701 743 1746 Dei
769 1701 953 1760 misericordiam,

92 1762 165 1809 ‘tobis
188 1763 290 1822 placeatis
304 1779 311 1808 r
341 1759 466 1807 cecitatem
485 1775 514 1806 ex
633 1775 658 1811 ut
668 1765 773 1824 praestetia
783 1783 872 1826 corpora
884 1768 954 1812 vestra

101 1838 163 1887 parte
176 1827 284 1874 Isra'e‘litis
300 1825 427 1884 contigisse,
444 1828 514 1870 donec
541 1825 636 1872 hostiam
649 1829 774 1886 viventem,
788 1831 896 1885 santiam,
913 1846 952 1875 ac-

101 1902 234 1939 caeterarurn
245 1890 346 1952 gentium
355 1890 432 1950 plenus
442 1889 514 1934 intret
540 1901 627 1948 ceptam
639 1893 697 1949 Deo,
714 1893 752 1954 qui
760 1895 830 1939 vester
838 1895 865 1940 srt
876 1895 953 1941 cultus

105 1972 212 2002 numerus
223 1975 229 2004 t
342 1957 343 1962 ’
539 1952 663 2002 rationalis.

134 2034 166 2068 20
182 2025 259 2082 Atque
271 2020 303 2066 ita
313 2033 391 2066 omnes
400 2015 511 2064 Israelita
572 2030 587 2062 2
605 2015 669 2062 Neve
681 2017 761 2064 ssmiles
775 2031 816 2064 vos
835 2019 889 2066 lruic
907 2021 951 2068 sae-

103 2083 238 2134 serventur:
262 2085 444 2148 quemadmodum
464 2097 514 2127 me·
540 2081 591 2127 culo
604 2083 714 2142 praestate,
731 2082 765 2128 secl
780 2083 856 2130 vestrae
867 2084 953 2132 mentis

99 2149 181 2197 moriae
203 2149 338 2212 preditum:
375 2147 461 2193 Veniet
485 2161 512 2192 ex
540 2147 684 2194 renovatione
700 2146 899 2206 transfiguramini,
924 2160 951 2196 ut

103 2215 171 2260 Sione
185 2215 301 2270 liberator,
317 2207 380 2274 quib
394 2209 511 2258 sceleribus
539 2211 598 2270 quod
617 2211 674 2258 velit
691 2213 761 2269 Deus,
789 2216 845 2273 quod
867 2215 952 2260 bonum

101 2278 207 2343 Jacobeor
221 2279 328 2326 vindicet.
539 2289 664 2336 acceptum,
681 2277 897 2340 persetlumquesit,
926 2277 950 2326 id

36 2350 39 2359 '
68 2369 71 2374 v
133 2361 164 2406 27
181 2347 260 2406 Atque
289 2343 339 2390 haec
367 2341 402 2388 est'
426 2340 512 2402 patilo,
542 2340 677 2402 approbetis.

101 2424 169 2470 quam
181 2425 223 2468 ego
234 2423 292 2456 ¹curn
304 2409 335 2454 eis
348 2405 422 2452 satio:
450 2405 512 2452 vide·
572 2421 585 2470 3
604 2407 672 2454 Edleo
689 2404 760 2466 enim,
788 2407 833 2468 per'
842 2405 951 2454 beneficia

99 2473 155 2520 licet
172 2489 210 2522 me
221 2489 300 2522 eorum
311 2477 400 2534 peccata
412 2470 513 2518 sublatu·
540 2473 597 2533 quod
608 2471 667 2519 mihi
678 2471 834 2528 collatunnam,
852 2471 950 2518 velitum

102 2551 173 2588 runr..
539 2535 619 2594 cuivis,
631 2553 660 2583 ne
670 2535 710 2582 srbi
717 2536 764 2592 plue
770 2549 871 2594 arrogare
882 2530 950 2596 quim

31 2595 34 2607 '
133 2603 163 2650 28
181 2603 247 2667 Qud
261 2603 287 2648 ad
306 2599 456 2660 Erangelium
474 2607 510 2647 tt·
538 2602 743 2659 arrogaredebeatr
761 2599 797 2644 sed
809 2597 898 2645 tannim
910 2615 949 2644 ar-

101 2665 171 2728 tium,
188 2667 239 2713 sunt
253 2676 343 2726 propter
357 2681 397 2710 voa
409 2665 510 2711 inimicit
540 2676 615 2725 roget,
626 2663 732 2712 utsobrib
740 2673 837 2722 arroget,
849 2675 889 2724 pto
897 2654 950 2710 fidei

102 2734 158 2792 quod
173 2729 230 2779 verb
242 2731 269 2780 ad
290 2729 436 2789 clettionem,
460 2729 512 2776 surlt
540 2731 615 2789 modo,
632 2726 852 2792 quemcuiqueDeus
863 2727 949 2788 impet·

101 2795 166 2842 chari
180 2806 271 2859 propter
282 2795 385 2855 majorca.
466 2801 468 2812 '
539 2793 602 2848 tivit.

132 2875 162 2924 29
186 2862 246 2908 Sunt
270 2858 332 2906 enirn
359 2857 512 2914 irrevocabilia
571 2862 640 2918 4Ut
658 2855 719 2903 enim
740 2871 786 2901 uno
814 2853 837 2901 in
857 2868 949 2916 torpore

102 2923 143 2970 Dei
157 2941 260 2980 numera,
275 2927 296 2969 δε
309 2933 409 2970 vocatus.
534 2921 611 2968 multa
632 2923 732 2969 membra
757 2917 876 2978 habemus,
900 2935 950 2981 quae

133 3005 164 3051 30
189 2993 223 3037 Ut
247 2987 309 3034 enirn
333 3003 373 3034 voa
394 2986 511 3046 aliquando
539 2988 639 3033 membra
659 3001 704 3032 non
722 2984 798 3031 omnia
815 2981 949 3047 diem‘opua

102 3067 146 3100 non
165 3053 264 3113 paruistis
276 3051 335 3110 Deo,
353 3052 434 3098 horum
454 3049 510 3098 con·
539 3052 653 3108 habeant,

102 3118 199 3165 rumam
211 3112 381 3166 misericordiam
393 3117 442 3162 estis
457 3130 511 3162 con·
574 3127 585 3175 ς
603 3117 638 3160 Sic
650 3113 717 3160 multi
730 3111 805 3159 sumus
817 3127 887 3160 unum
899 3125 950 3157 tor-

105 3179 188 3229 secuti:
539 3195 582 3240 pua
592 3178 616 3224 in
632 3178 732 3234 Christo,
749 3178 846 3225 invicem
860 3178 901 3224 alli
922 3192 947 3220 a·

63 3299 66 3308 .
134 3261 163 3308 31
182 3244 256 3294 Sichi
272 3259 340 3302 nune,
354 3241 512 3290 tributarobia
537 3243 620 3295 librum
636 3244 745 3298 membra,
785 3253 813 3274 .·.
980 3279 981 3282 ,

103 3311 263 3374 misericordie,
279 3324 325 3374 non
338 3319 426 3372 parent,
439 3313 464 3356 ut
476 3306 512 3370 iq·
573 3305 587 3350 6
602 3307 771 3416 1{etlfiqusdotes
781 3320 820 3367 pro
832 3300 912 3350 collato
924 3297 948 3342 in
976 3315 981 3396 4]

172 3373 176 3390 ⁸
330 3373 334 3381 ’
880 3383 884 3390 ·
907 3377 949 3410 aon
