2008 3518
289 93 528 164 cucur
571 55 696 178 niu.
773 125 807 173 μ
862 117 950 201 243·-

85 220 118 270 23
136 207 233 273 Quidvis
244 211 375 274 mihilicet,
384 209 473 262 sednon
561 216 627 262 Audo
645 217 747 278 equidem
760 235 811 281 vor,
830 219 925 285 fratres,

53 271 143 333 quidvis
159 276 277 327 conducit.
310 277 403 342 Qidvis
415 279 479 326 milri·
578 282 636 342 quod
651 282 727 329 omnia
746 301 795 331 mea
814 288 925 335 memini-

53 335 120 398 licet,
137 339 232 387 sednon
244 340 331 402 quidvis
344 343 437 402 prodest.
509 343 557 400 stis,
575 347 595 389 &
614 343 724 403 instituta,
739 355 926 409 quemadmodum

85 417 120 464 24
149 406 227 451 Nemo
249 405 300 468 suo,
322 405 359 452 sed
384 406 477 454 alterius
509 407 573 454 vobis
584 409 675 468 tradidi,
692 413 721 458 fic
738 413 825 460 teneris.

55 467 147 530 quilque
159 472 281 518 commodo
292 471 386 518 studeat.
541 485 556 517 2
573 473 635 520 Volo
647 487 722 522 autem
734 477 788 523 scire
799 493 838 524 vos
849 481 924 529 omnir

86 545 116 592 25
134 534 247 596 Qicquid
259 534 283 581 in
291 535 396 582 marcello
404 551 477 582 vena·
508 535 551 581 viri
560 547 626 597 caput
642 540 686 586 effe
698 541 829 588 Christum:
847 543 926 592 fumi·-

9 629 11 666 l
55 593 76 642 le
87 599 130 655 est,
143 598 275 656 vescimini,
289 597 349 646 nihil
361 599 477 647 sciscitari·
509 615 545 647 nae
557 613 624 662 caput
635 605 678 650 'elle
687 605 777 654 virum:
792 605 877 654 Christi
887 625 926 656 ca·
990 601 994 610 ’

55 669 87 708 tes
97 665 193 722 propter
207 663 379 712 conscientiam·
508 676 551 726 put
562 667 606 712 else
617 668 691 716 Deum
703 688 709 718 ε

85 726 116 774 26
135 728 198 774 Nam
210 727 305 776 Domini
321 734 344 775 de
362 724 480 795 terra'est,
541 733 653 791 somnis
681 733 717 780 vir
745 743 824 795 operto
851 736 926 798 capite

55 790 300 841 condiaconum.
508 791 631 855 supplicans
645 807 685 844 aut
704 797 829 847 vaticinans
833 834 843 858 ,
858 813 927 863 caput

84 871 115 917 27
133 853 201 921 Qud
224 857 240 903 fi
263 858 311 919 quir
331 855 477 908 infidentium
507 857 572 906 suurn
590 861 711 922 turpificat.

54 931 94 966 ros
112 920 210 979 invitet,
224 926 246 970 dr
262 921 332 970 vultis
348 922 392 980 ire,
409 921 477 984 quic·
538 939 557 986 4
571 925 657 973 Rursus
675 925 749 974 omnis
761 927 845 977 mulier
855 931 922 978 dete·

54 983 106 1042 quid
130 985 196 1034 vobin
215 998 350 1048 apponetur,
373 986 477 1039 vescimi·
508 985 546 1034 cio
563 991 637 1051 capite
656 991 779 1055 supplicans
803 1005 842 1041 aut
863 998 926 1044 vati.
993 1023 994 1026 =

55 1046 160 1104 ni,nihil
172 1047 308 1099 sciscitantes
320 1061 473 1114 proptercon-
507 1051 593 1114 einans,
610 1067 676 1118 caput
699 1063 763 1104 duum
787 1059 923 1120 turpificare

54 1110 184 1164 scienciam.
301 1149 304 1154 .
506 1129 557 1162 nam
567 1119 654 1178 prorsus
660 1122 750 1182 perinde
760 1121 791 1171 cll
799 1124 848 1172 acfi
859 1125 924 1174 tonsa

85 1178 117 1226 28
136 1176 220 1242 Siquis
232 1177 287 1228 vero
302 1179 366 1228 robis
382 1179 475 1239 dixerit,
506 1180 575 1228 foret.

55 1236 107 1289 Hoc
126 1246 216 1292 deastris
229 1244 374 1292 immolatum
390 1247 430 1301 est,
446 1262 475 1292 ne
538 1259 551 1305 5
569 1246 633 1310 Qdd
647 1248 718 1297 sinon
730 1250 819 1298 veletur
829 1251 925 1313 mulier,

56 1307 176 1358 vescimini
188 1321 280 1371 propter
291 1325 344 1356 eum
357 1309 397 1370 qui
411 1310 473 1355 indi·
506 1309 568 1358 certe
585 1315 712 1363 tondeatur.
746 1315 811 1380 Qud
830 1317 846 1362 fi
868 1329 923 1366 ton.

55 1373 129 1432 ervit,
150 1385 286 1436 propterque
305 1371 474 1421 conscientiam.
505 1374 552 1420 deri
564 1376 640 1422 radive
650 1377 742 1424 mulieri
753 1390 817 1441 turpe
825 1382 866 1440 eti,
877 1384 922 1431 ob.

17 1436 21 1453 ¹
56 1435 116 1484 Nam
138 1439 236 1488 Domini
263 1444 286 1487 dr
310 1449 371 1487 terra
394 1440 426 1486 est
452 1443 473 1486 de
505 1439 612 1486 nubatur.

55 1503 131 1550 omnia
143 1501 265 1552 terrestria.
537 1501 553 1550 6
571 1505 632 1552 Nam
644 1503 680 1551 vir
699 1505 788 1568 quidem
800 1520 867 1570 caput
879 1511 922 1560 ob·

86 1581 118 1631 29
134 1567 304 1618 Conscientiam
320 1578 397 1616 autem
412 1567 473 1628 dico,
504 1569 589 1616 nubere
600 1585 646 1616 nou
656 1570 732 1630 debet,
744 1570 923 1637 rimfitimago,

58 1643 102 1679 non
115 1632 307 1708 (uniucujusque,
324 1632 360 1680 sed
371 1634 473 1683 alterius.
503 1632 619 1696 gloriaque
634 1635 686 1686 Dci.
716 1639 752 1684 At
774 1640 857 1688 mulier
876 1641 922 1690 viri

57 1697 104 1742 Cur
114 1697 177 1746 enim
187 1713 239 1745 mea
249 1699 342 1746 libertas
359 1701 474 1748 damnetur
504 1698 576 1758 gloria
588 1701 627 1746 eli.

57 1761 305 1810 ebeliaconscientin?
433 1805 434 1808 ,
481 1773 482 1778 ’
535 1768 623 1824 7an
641 1764 701 1811 enim
718 1765 749 1812 est
767 1764 802 1812 vir
820 1783 850 1814 ex
868 1783 921 1816 mu·

88 1841 119 1890 30
135 1829 201 1892 Qud
224 1828 241 1874 li
260 1843 301 1888 ego
320 1823 382 1887 gret&
402 1826 473 1888 parti·
505 1825 572 1886 liere,
587 1829 625 1874 sed
639 1845 665 1874 ex
677 1829 726 1875 viro
738 1829 841 1879 muliere

57 1887 118 1952 cipo,
128 1907 168 1938 cur
178 1895 204 1940 in
215 1907 242 1940 eo
256 1889 382 1952 vituperer,
392 1895 418 1938 de
430 1907 474 1953 quo
538 1893 552 1936 8
571 1891 631 1938 cum
641 1907 686 1936 non
698 1903 788 1952 propter
798 1894 921 1943 mulierem

56 1959 137 2014 gratias
152 1973 192 2016 ago
204 1960 213 2004 ,Ρ
504 1965 591 2001 creatus
604 1956 631 2000 lit
643 1956 687 2013 vir,
698 1954 733 2001 sed
744 1967 836 2017 propter
846 1961 921 2009 virum

87 2031 117 2082 31
137 2021 195 2081 Ergo
216 2021 260 2066 sire
279 2019 405 2078 comeditis,
430 2019 475 2066 sive
504 2019 596 2066 mulier.

58 2082 145 2144 bibitis,
155 2086 192 2131 seu
202 2085 254 2146 quid
262 2084 322 2130 aliud
329 2084 413 2142 facitis,
423 2099 474 2131 om·
534 2097 549 2144 9
569 2084 690 2144 Propterea
702 2083 768 2129 debet
782 2083 864 2132 mulier
877 2086 919 2134 ha·

57 2150 94 2196 nia
106 2152 132 2195 ad
148 2149 190 2197 Dei
202 2148 297 2209 gloriam
309 2149 386 2197 facite.
505 2147 555 2194 bere
575 2147 599 2192 in
617 2147 690 2208 capite
708 2148 821 2208 potestatis
840 2149 922 2198 iudici.

19 2246 21 2248 -
88 2227 119 2276 32
136 2215 240 2262 Praebete
251 2229 291 2260 uos
302 2218 324 2259 dr
337 2212 433 2276 Judaeis,
451 2213 473 2258 dr
505 2227 544 2258 nm
554 2223 642 2272 propter
653 2213 751 2274 angelos.

58 2277 156 2338 Grecis,
170 2276 398 2327 &Ecclesraedivinae
407 2277 475 2326 inno·
536 2290 567 2325 ιο
581 2279 698 2332 Caeterdm
721 2293 793 2342 neque
815 2279 850 2328 vir
874 2281 923 2330 siue

57 2341 103 2389 xios
116 2361 122 2390 r
371 2386 375 2394 ,
497 2340 606 2394 lumina.
618 2359 689 2406 neque
699 2342 790 2391 furmina
802 2345 847 2393 fine
858 2346 920 2408 viro,

90 2421 118 2468 33
144 2409 338 2471 Qemadmodum
357 2421 398 2465 ego
415 2422 472 2468 quo·
504 2405 528 2452 in
542 2407 649 2456 Domino·

59 2485 99 2532 que
122 2473 199 2518 omnia
222 2471 327 2518 omnibus
354 2469 471 2530 indulgeo,
537 2485 566 2519 ιι
583 2474 615 2518 Ut
635 2471 736 2518 enimet
755 2472 920 2532 virofoemina,

60 2549 103 2581 non
115 2551 183 2593 mene,
200 2537 235 2581 sed
247 2536 372 2582 multorum
385 2537 472 2582 studens
504 2535 533 2582 lic
544 2536 580 2582 vir
591 2537 768 2597 perluminime
787 2538 863 2584 omnia
875 2553 918 2584 ru-

58 2600 151 2646 utilitati
166 2602 325 2648 uti'erventur.
342 2599 471 2646 imitatores
505 2611 552 2647 tem
563 2615 590 2646 ex
602 2601 660 2648 Deo.
701 2651 703 2657 ,

59 2664 103 2708 mei
123 2667 204 2724 estote,
222 2666 411 2724 quemadmodum
432 2681 473 2725 ego
538 2677 567 2712 12
585 2665 628 2726 Ipsi
645 2665 701 2725 apud
714 2678 753 2710 vos
764 2663 873 2725 judicate,
890 2679 921 2712 an

60 2743 143 2792 qunque
156 2731 203 2776 sum
213 2727 306 2775 Christi.
503 2732 608 2777 decorum
620 2729 655 2786 lit,
676 2726 791 2776 foeminam
804 2729 853 2778 Deo
866 2728 920 2791 sup·

135 2791 159 2840 C'
171 2799 195 2842 A
213 2795 231 2840 P
249 2795 272 2838 U
291 2793 313 2838 T
345 2793 390 2839 xi.
503 2793 585 2856 plicare
603 2795 721 2840 detectam·

60 2855 128 2904 Norat
148 2856 266 2904 Corinthu
286 2853 381 2919 quadiu
401 2853 473 2919 sacris
540 2871 566 2918 13
584 2861 652 2904 Anne
669 2855 714 2916 ipsa
734 2856 823 2917 quidem
839 2863 921 2902 natura
988 2871 993 2882 ⁴

88 2921 184 2979 caetibus,
202 2923 254 2967 viri
273 2919 470 2966 orenrvelatr'sca-
505 2938 548 2969 vos
571 2925 645 2977 docet,
668 2921 717 2966 viro
741 2937 828 2968 comam
847 2921 919 2980 alere,

84 2987 175 3049 pirihur,
195 2986 291 3033 mulierrr
308 2985 361 3030 veri
380 2987 472 3038 recurris.
504 2986 604 3034 dedecori
617 2985 683 3032 esse?

87 3052 112 3098 In
126 3053 216 3116 summo,
235 3049 292 3113 quid
309 3049 332 3095 in
346 3047 471 3114 pejurlcon-
538 3064 568 3111 14
583 3049 689 3096 foeminae
700 3057 776 3094 aulem
785 3063 872 3097 comam
890 3064 919 3093 a·

86 3115 194 3173 uenirent,
212 3115 241 3163 fd?
257 3113 351 3176 profana
369 3113 474 3178 symposia
503 3116 559 3173 lere,
576 3110 752 3159 decorumcsle?
771 3110 917 3176 Qandoqui·

83 3182 231 3246 pnmrjcerent
252 3179 310 3240 epulo
328 3177 474 3242 sucroGoerae
504 3174 838 3235 demcurrmproamidludatn
854 3177 903 3226 cst„
938 3187 941 3191 '

85 3246 180 3302 Domini,
200 3258 264 3315 quarn
279 3241 310 3316 ud
324 3245 419 3308 primam
438 3242 475 3290 io·
538 3255 565 3302 15
583 3236 646 3304 de
663 3239 679 3283 fi
698 3237 736 3282 cui
751 3237 918 3289 contentiosum

77 3308 210 3373 sticarium
225 3318 304 3370 exrgrr.
377 3371 381 3382 1
468 3307 547 3354 'effe
566 3303 634 3415 lli‘bezt,
649 3317 690 3350 nos
712 3303 780 3352 talem
796 3301 918 3409 ⁰⁰⁰2}ssss
